2895 3904
288 1074 497 1171 Quamvis
528 1119 693 1162 difficilis
720 1124 760 1162 et
787 1102 954 1163 obscura
981 1122 1032 1162 sit
1068 1121 1247 1172 quaestio
1281 1119 1331 1161 de
1366 1121 1516 1171 origine
1551 1119 1730 1171 linguae,
1767 1123 1898 1160 tamen
1933 1117 2026 1159 illud
2057 1112 2236 1165 'eom-t,
2270 1116 2368 1156 anti-

81 1198 282 1252 quissimis
305 1197 542 1251 temporibus
560 1198 752 1252 homines,
780 1189 944 1252 quorum
971 1199 1126 1251 ingenia
1154 1197 1326 1240 nondum
1353 1195 1451 1240 sa'tis
1479 1197 1632 1239 exculta
1661 1202 1779 1251 atque
1808 1197 1959 1238 erudita
1987 1198 2134 1247 essent,
2164 1194 2214 1235 ad
2238 1204 2367 1235 rerum

82 1273 258 1325 naturam
288 1280 327 1320 et
354 1276 405 1319 ad
432 1287 499 1319 res
528 1279 710 1319 externas
737 1287 884 1320 omnes¹
902 1276 1113 1319 intendisse
1141 1277 1411 1330 cogitationes,
1449 1285 1498 1318 ac
1524 1285 1628 1329 quae
1655 1275 1844 1318 vocabula
1868 1285 1935 1317 res
1961 1272 2145 1316 sensibus
2165 1271 2369 1316 ,sublestae

79 1352 362 1409 sitniflcarent,
399 1349 449 1398 ea*
485 1357 650 1409 primum
685 1348 839 1398 inventa
876 1354 994 1402 essm
1036 1353 1179 1397 Verum
1219 1354 1284 1396 ubi
1319 1357 1488 1396 mentem
1517 1364 1542 1395 a
1568 1353 1752 1396 sensibus
1789 1364 1976 1396 sevocare
2002 1357 2042 1395 et
2068 1351 2120 1393 ad
2146 1361 2227 1404 res,
2264 1360 2369 1404 quae

21 1426 25 1432 ’
82 1435 316 1488 mantione
341 1434 428 1478 sola
455 1434 843 1489 comprehenduntur,
871 1427 1074 1477 traducem
1102 1444 1151 1475 ac
1177 1433 1348 1487 quotidie
1376 1432 1520 1487 aliquid
1550 1432 1754 1475 addiscere
1787 1428 1996 1485 animulae
2022 1441 2145 1473 novas
2171 1437 2239 1472 res
2265 1440 2370 1471 com·

82 1509 198 1566 plecti
225 1517 263 1555 et
290 1516 491 1567 percipere
519 1518 742 1567 coeperunt,
779 1514 862 1556 fieri
882 1522 963 1557 mon
991 1515 1125 1567 potnit,
1160 1514 1252 1565 quin
1281 1514 1391 1555 novis
1418 1511 1536 1554 rebus
1564 1505 1666 1555 no'va
1692 1512 1879 1555 vocabula
1905 1515 2145 1565 paterentur.
2201 1508 2369 1551 Naturae

84 1593 214 1634 autem
244 1594 479 1635 conveniens
506 1596 611 1645 erat,
650 1596 737 1636 cum
765 1592 832 1635 ilia
858 1572 934 1639 lam
964 1595 1056 1634 nota
1083 1590 1269 1634 vocabula
1306 1594 1462 1644 propter
1491 1590 1731 1643 sing-niuem
1758 1590 1954 1644 quandam
1982 1587 2268 1631 similitudinem
2294 1596 2370 1628 sua

80 1674 220 1723 sponte
249 1672 376 1713 animo
405 1675 670 1723 oecurrerent,
710 1675 841 1713 vetera
868 1673 945 1713 iam
975 1672 1116 1712 usitata
1154 1671 1310 1712 nomina
1347 1672 1387 1711 ln
1421 1679 1542 1712 novas
1570 1680 1637 1713 res
1666 1679 1757 1711 esse
1785 1669 1984 1712 translata.
2042 1668 2125 1718 Quo
2153 1668 2195 1708 in
2222 1676 2369 1718 genere

82 1748 395 1799 metaphorarum
433 1749 522 1790 illae
558 1748 736 1790 omnibus
774 1749 858 1790 fere
896 1750 1038 1800 linguis
1076 1759 1300 1791 communes
1336 1748 1610 1790 translationes
1648 1752 1763 1799 sunt,
1813 1747 1954 1799 quibus
1996 1748 2167 1798 corporis
2203 1745 2370 1800 partium

80 1812 266 1866 voeabula
293 1827 334 1867 in
362 1816 493 1878 p⁸artes
519 1827 744 1878 formasque
773 1811 900 1871 terrae
927 1826 1077 1868 solidae
1104 1826 1402 1877 transferuntur,
1431 1825 1534 1867 velut
1564 1825 1735 1878 dorsum,
1769 1835 1911 1877 graece
1939 1821 2072 1879 ῥάχις,
2097 1821 2202 1875 quod
2229 1820 2369 1864 eodem

81 1910 224 1956 sensu,
263 1913 340 1956 quo
368 1906 589 1955 germanice
616 1905 862 1957 Bergrticken
881 1907 1119 1957 usurpatur
1157 1902 1298 1946 deinde
1325 1895 1480 1956 vertex,
1518 1904 1643 1967 latus,
1681 1904 1905 1955 brachium,
1941 1913 2008 1956 os,
2043 1900 2196 1964 fauces,
2233 1900 2310 1942 alia
2324 1899 2369 1950 ¹).

80 1982 166 2024 Jam
202 1992 305 2034 quae
341 1982 527 2025 vocabula
565 1984 721 2036 propria
758 1986 849 2025 sunt
881 1975 925 2024 fin
963 1993 1092 2025 rerum
1131 1986 1285 2036 natura,
1323 1979 1439 2026 etiam
1467 1985 1508 2025 in
1535 1994 1616 2036 res,
1656 1993 1757 2036 qnae
1786 1984 1914 2025 animo
1943 1982 2220 2033 eondpiuntur,
2246 1982 2372 2021 uana-

81 2059 318 2102 ferebantur.
385 2061 441 2102 Ex
475 2062 617 2111 insigni
654 2060 917 2113 exemplorum
958 2059 1069 2114 copia
1105 2071 1232 2114 pauca
1267 2061 1343 2104 boc
1378 2061 1463 2104 loco
1502 2072 1754 2104 enumerasse
1790 2062 1889 2103 satis
1927 2062 2021 2113 erit3
2061 2063 2102 2101 nt
2139 2059 2393 2117 Graecorum·

80 2149 221 2182 nomen
249 2127 375 2194 ’ψυχῇζ
413 2139 569 2182 ductum
607 2150 632 2180 a
668 2139 786 2182 verbo
814 2139 956 2197 ψῦχω,
995 2142 1216 2192 germanice
1255 2140 1447 2193 baucben,
1488 2139 1628 2195 θνμός
1654 2150 1679 2182 ι
1706 2139 1826 2183 verbo
1853 2140 1951 2182 θύω
1976 2139 2167 2191 Ιιιιιιιιιι,
2203 2137 2371 2187 ani-ns,

14 2209 22 2212 ’
81 2227 223 2270 graece
252 2215 416 2272 ἄνεμος,
445 2217 685 2272 intellegere,
715 2209 881 2272 proprie
897 2220 997 2261 iuter
1018 2221 1100 2281 sive
1129 2220 1234 2262 intus
1253 2219 1399 2272 legere.
1455 2219 1560 2262 Licet
1587 2230 1743 2273 quoque
1772 2208 2000 2273 comparare
2028 2220 2068 2260 et
2092 2216 2371 2258 Ger-anorum

78 2296 199 2338 verba
226 2295 452 2349 begreifen‚
492 2296 696 2349 vorstellen
728 2301 766 2339 et
794 2297 987 2339 Gallorum
1016 2277 1248 2351 apprendre,
1279 2290 1590 2351 comprendre.²)
1650 2298 1708 2359 Ad
1734 2297 1839 2340 idem
1866 2294 2128 2340 transferendi
2152 2302 2279 2345 genus
2305 2290 2373 2333 illa

81 2377 257 2417 notarum
286 2385 417 2417 rerum
445 2373 630 2417 vocabula
659 2375 866 2417 referenda
893 2380 1007 2429 sunt,
1036 2386 1138 2429 quae
1166 2375 1217 2418 ad
1242 2386 1307 2418 res
1325 2375 1511 2429 peculiari
1538 2362 1695 2418 nomine
1714 2378 1893 2417 carentes
1910 2371 2186 2437 significamas
2213 2369 2373 2413 adbibe-

80 2452 230 2495 bantur.
289 2453 336 2494 Ut
363 2452 524 2496 Romani
552 2453 781 2506 elephantos
809 2456 974 2507 primum
1002 2457 1041 2497 in
1070 2455 1238 2496 Lucania
1267 2456 1373 2498 visos
1401 2455 1521 2497 boves
1550 2456 1675 2498 Lucas
1704 2459 1743 2497 et
1772 2465 1906 2498 eorum
1939 2450 2212 2506 proboscidem
2239 2450 2376 2493 Graeci

31 2541 34 2542 ’
86 2529 220 2599 κέρας,
249 2530 372 2574 ιιιιιιι
397 2541 557 2574 ιιιιιιιιιιι
585 2534 889 2574 nominaverunt.
927 2516 1230 2586 „Necessitate”,
1259 2537 1301 2575 ut
1320 2535 1374 2575 ait
1398 2533 1655 2583 Quintilianus
1683 2536 1772 2576 inst.
1783 2537 1889 2575 orat.
1910 2535 1951 2587 8,
1971 2534 2013 2585 6,
2033 2534 2075 2584 6,
2091 2530 2249 2585 ,rustici
2266 2540 2373 2580 gem·
2408 2579 2423 2593 ι

82 2619 186 2652 ιιιιιιι
210 2612 254 2651 ιιι
281 2610 421 2651 vitibus
449 2610 598 2662 dixere,
627 2610 748 2662 (quid
777 2613 880 2654 enim
908 2612 1081 2653 dicerent
1107 2612 1211 2653 aliud
1221 2613 1308 2664 ι)
1348 2613 1429 2654 lloc
1456 2612 1559 2654 idem
1588 2616 1649 2654 est
1677 2623 1818 2665 genus,
1846 2623 1925 2664 quo
1952 2611 2118 2665 ,indocti
2143 2619 2300 2662 qnoque
2326 2618 2376 2650 ac

79 2697 158 2732 non
187 2689 401 2758 sentientes
428 2688 654 2740 frequenter
682 2690 879 2731 utuntur’
878 2688 1068 2741 (Quintil.
1097 2690 1149 2732 ib.
1179 2693 1220 2744 8,
1249 2693 1289 2744 6,
1320 2692 1390 2744 4),
1419 2689 1523 2742 quod
1552 2690 1687 2734 Cicero
1726 2690 1790 2733 bis
1818 2690 1950 2733 verbis
1986 2689 2145 2733 uberius
2170 2687 2376 2739 illusa-avit

79 2766 128 2811 de
165 2771 263 2811 orat.
292 2768 333 2822 3,
352 2767 432 2821 3,8
465 2768 567 2809 155:
610 2767 772 2820 ‚tertius
811 2767 878 2809 ille
912 2768 1052 2811 modus
1090 2768 1353 2811 transterendi
1388 2768 1495 2810 verbi
1532 2769 1611 2812 late
1649 2747 1781 2823 patet,
1819 2779 1937 2823 quem
1974 2769 2191 2814 necessitas
2227 2767 2375 2820 gemat,

81 2846 212 2899 inopia
238 2848 374 2888 coacta
403 2848 442 2887 et
468 2846 680 2899 angustiis,
717 2850 806 2898 post
842 2850 973 2889 antem
1010 2847 1230 2890 iucunditas
1266 2846 1547 2901 delectatioque
1587 2847 1816 2901 celebravit3
1856 2857 1948 2890 nam
1985 2851 2028 2889 ιιι
2062 2848 2183 2889 vestis
2216 2846 2374 2898 uigoris

204 3030 238 3074 1)
283 3030 475 3076 Copiosius
507 3031 551 3068 de
585 3032 656 3068 hac
686 3041 726 3067 re
761 3032 933 3068 dissentit
967 3032 1171 3069 Lobeckins
1205 3033 1242 3068 ιιι
1275 3032 1589 3068 dissertationibus
1620 3033 1665 3069 de
1701 3034 1917 3078 metaphora
1950 3038 1988 3069 et
2023 3032 2068 3069 de
2102 3033 2320 3077 metonymia
2350 3042 2373 3068 a

281 3092 562 3131 Friedlaendero
595 3094 713 3132 editis.
743 3095 945 3148 Regimonti
969 3094 1071 3131 1864.
1118 3095 1169 3131 cf.
1201 3100 1394 3140 praeterea
1415 3095 1717 3140 elegantissimam
1751 3096 2088 3132 commentationem
2108 3094 2251 3131 nemii:
2288 3104 2373 3141 poe-

280 3144 396 3193 unche
418 3155 717 3194 Personiiication
738 3158 778 3193 ιιι
799 3154 1047 3205 griechischen
1070 3157 1307 3203 Dichtungen.
1353 3156 1521 3193 Parchim
1544 3156 1647 3192 1864.

206 3218 242 3263 2)
289 3219 335 3255 V.
357 3219 575 3265 Bur-mester,
597 3220 687 3259 uber
709 3221 780 3259 den
802 3213 964 3260 ninum
987 3221 1052 3258 der
1075 3221 1267 3267 Metapher
1289 3220 1354 3257 auf
1371 3219 1431 3257 die
1454 3219 1706 3268 EntvickInng
1730 3220 1795 3258 der
1817 3221 1989 3267 Sprache.
2035 3224 2191 3270 Barnea
2213 3222 2314 3259 1863.

2111 3295 2129 3335 1
