2895 3852
109 412 115 421 A
193 408 597 512 ηιμ,-ηιιιιιιιιιιιε
615 453 834 510 meantum
861 422 1034 505 anuh&
1089 450 1604 507 neuin-enneminta-
1630 410 1724 495 ιιιιιιι
1751 449 1914 489 cutm
1955 450 2026 499 1-‚1
2062 449 2139 488 4⁶.
2176 445 2337 500 pomis.
2374 447 2476 488 auu
2545 424 2559 438 ⁸

117 596 120 600 .
153 547 157 551 ’
194 540 237 579 ιιι
261 529 475 622 ε’γιιιιιιιιιιι·Ι
487 532 756 599 Xenophontis
782 535 859 583 est,
886 528 1038 586 minuta
1057 535 1176 582 atque
1192 529 1386 573 ποια-ιιι.
1428 528 1487 596 V.
1513 530 1756 579 interpretes

844 667 889 718 2·
954 641 1156 750 ιιι-ιι,
1187 639 1382 732 fulsere,
1412 667 1592 735 mm,
1621 661 1869 739 “teme--

242 801 247 806 ·
314 821 317 826 ,
365 820 371 824 ,
397 783 546 824 rui-ea
574 780 705 822 differt
730 789 757 821 a
782 778 952 831 fulgure,
974 774 1083 830 Jrquod
1110 777 1348 819 numen-est
1373 778 1491 818 telum
1516 779 1661 842 ipsum,
1687 776 1791 839 quod
1814 776 1919 827 ferit,
1946 773 2077 825 mlgur
2104 779 2167 816 est
2192 775 2375 827 splendor
2400 775 2474 817 tul-

57 843 75 856 *
150 839 153 842 ’
197 843 323 915 uinis.
380 861 514 911 ltaque
538 858 702 900 fulmina
727 857 848 898 duces
875 857 1073 898 tortissmi
1099 859 1296 906 vocantur,
1325 853 1390 905 qui
1418 857 1546 896 omnia
1573 856 1610 895 vi
1638 859 1755 905 atque
1780 855 1927 905 impetu
1946 863 2141 910 armemur
2159 854 2283 895 instar
2299 855 2472 895 minuma

195 936 474 993 prosternunt,-
469 940 527 979 ιιι
546 936 650 997 Balb.
675 937 739 988 15,
757 936 835 977 34;
864 944 978 978 cum
975 931 1054 976 duo
1083 933 1246 975 tal-ina
1272 929 1395 975 nostrl
1421 934 1571 986 imperii
1596 931 1724 974 subito
1750 934 1790 973 in
1819 932 2017 984 Hispania,
2047 931 2122 973 cu.
2133 934 2175 972 et
2191 930 2234 973 Ρ.
2253 931 2471 986 Scipiones,

196 1018 374 1060 exstincti
401 1016 646 1076 oceidissent.
704 1013 849 1066 Deinde
875 995 1023 1064 fulmen
1050 1012 1282 1053 transfertur
1298 1004 1359 1051 ad
1382 1012 1618 1061 gravissima
1654 1011 1772 1063 mala,
1809 1020 1913 1062 quae
1949 1020 2000 1051 ex
2035 1011 2243 1062 improviso
2279 1008 2473 1063 accidunt,

198 1100 239 1138 ut
256 1095 395 1163 Tusc:
407 1095 451 1145 2,
479 1094 547 1145 27,
577 1095 650 1135 66.
680 1102 758 1134 non
786 1091 900 1133 ιιιοιιο
928 1076 1103 1135 stimulos
1133 1089 1290 1142 doloris,
1319 1089 1391 1130 sed
1419 1091 1534 1131 etiam
1563 1089 1723 1131 fal-ina
1750 1089 1929 1131 fortunae
1956 1092 2259 1131 contemnamus
2312 1088 2406 1143 Rep.
2431 1092 2469 1145 i,

197 1176 252 1226 4,
265 1175 313 1216 7;
342 1175 420 1215 non·
448 1152 698 1214 dubitaverim
727 1182 790 1213 me
818 1171 1057 1223 gravissimis
1085 1168 1375 1223 tempestatibus
1402 1178 1451 1210 ac
1476 1178 1602 1221 paene
1630 1167 1852 1209 tal-initus
1878 1169 1975 1220 ipsis
2002 1167 2156 1210 obvium
2182 1168 2288 1210 ferre
2316 1179 2473 1212 eumer-

193 1241 404 1294 vandorum
428 1252 569 1291 civium
597 1259 730 1291 causa.
788 1250 860 1289 Att.
888 1250 930 1300 4,
960 1240 1001 1299 6,
1028 1250 1076 1289 3:
1114 1249 1234 1311 trinas
1249 1247 1448 1299 ,epistolas
1485 1250 1574 1287 ante
1601 1246 1785 1298 legeram.
1842 1247 1940 1287 Eece
1969 1236 2132 1300 quartae
2159 1248 2317 1290 tal-ea.
2372 1250 2472 1302 (Der

194 1333 326 1373 vierte-
344 1330 451 1371 Brlei’
475 1340 557 1370 war
584 1331 648 1371 ein
678 1327 969 1377 Donnersehiag
1005 1327 1069 1368 fiir
1102 1327 1217 1368 mich·
1241 1337 1380 1377 wegen
1418 1325 1489 1366 der
1524 1319 1750 1378 Naehrich't,
1792 1325 1855 1366 die
1898 1338 1942 1366 er
1980 1327 2173 1378 enthielt.)
2232 1315 2403 1381 Denique
2429 1333 2471 1372 in

193 1412 406 1453 orationem
433 1419 563 1450 acrem
592 1411 631 1449 et
655 1406 946 1461 vehementem,
977 1409 1026 1449 ιιι
1053 1405 1161 1448 Fam.
1188 1408 1229 1458 9,
1255 1406 1330 1457 21,
1366 1408 1408 1446 i:
1445 1406 1618 1447 insanire
1650 1404 1718 1446 tibi
1756 1404 1922 1458 videris,
1960 1406 2072 1457 quod
2091 1408 2239 1462 imitere
2264 1409 2471 1452 verborum

194 1499 368 1531 meorum
395 1480 569 1529 ιιι-ιιι.
626 1484 689 1528 01·.
717 1486 786 1538 70,
814 1485 918 1526 234;
949 1465 1218 1526 Demosthenis
1246 1494 1322 1524 nou
1350 1486 1429 1524 tam
1454 1482 1650 1525 vibrarent
1675 1483 1838 1525 iai-ln
1865 1484 1952 1536 illa,
1990 1486 2078 1527 nisi
2094 1487 2266 1527 numeris
2295 1491 2469 1529 contorta

193 1552 398 1610 ferrentur.
456 1564 515 1606 Cf.
540 1564 615 1605 Ait.
636 1565 714 1617 15,
744 1565 810 1616 16,
838 1561 889 1604 2.
918 1560 1230 1617 Δημοσθένους
1242 1561 1415 1603 tal-ina.

396 1626 577 1695 Similiter
605 1654 752 1704 fulgere
781 1657 821 1692 et
846 1632 980 1692 tonare
1008 1654 1046 1691 in
1074 1645 1247 1692 oratione
1276 1652 1492 1691 vehementi
1522 1618 1711 1702 dicuntur,
1741 1651 1863 1691 utor.
1884 1654 1924 1703 9,
1954 1653 2029 1692 29:
2074 1652 2256 1706 Pericles,
2285 1656 2341 1707 (si
2361 1658 2468 1698 tenui

196 1745 340 1786 genere
368 1733 574 1784 uteretur),
602 1740 811 1787 numquam
840 1730 890 1770 ab
921 1731 1174 1782 Aristophane
1202 1733 1316 1782 potita
1344 1731 1503 1782 fulgere,
1529 1735 1679 1782 tonare,
1706 1723 1941 1782 permiscere
1971 1731 2170 1774 Graeciam
2200 1732 2323 1775 dictus
2353 1741 2472 1789 esset.

194 1813 401 1854 Praeterea
428 1808 577 1865 fulgere
604 1810 643 1850 in
671 1809 799 1850 varias
826 1820 891 1849 res
919 1808 1161 1869 transfertur,
1188 1810 1228 1849 in
1258 1818 1366 1848 arma
1395 1807 1510 1849 Tusc.
1539 1810 1581 1860 5,
1604 1809 1696 1861 -21,
1725 1810 1802 1849 62:
1841 1809 2047 1862 fulgente·
2076 1809 2268 1866 gladium3
2306 1814 2347 1855 in
2375 1813 2472 1857 ebur

195 1897 234 1933 et
262 1897 397 1932 aurum
426 1888 563 1930 Parad.
599 1892 634 1941 l,
664 1890 704 1940 3,
737 1873 809 1929 13:
839 1889 1064 1928 marmoreis
1092 1889 1218 1939 tectis,
1248 1887 1366 1928 ebore
1395 1891 1433 1927 et
1461 1896 1555 1927 auro
1584 1887 1841 1940 fulgentium
1865 1888 1905 1928 in
1935 1898 2144 1940 purpuram
2173 1890 2255 1931 Cat.
2284 1892 2325 1944 2,
2353 1894 2394 1945 3,
2422 1896 2470 1935 5:
2538 1873 2556 1887 ⁸

196 1970 262 2022 qui
288 1969 410 2009 nitent
437 1967 665 2019 unguentis„
697 1961 768 2018 ‘qul
796 1966 943 2019 fulgent
970 1969 1164 2019 purpura3
1202 1964 1367 2017 denique
1405 1966 1443 2005 in
1473 1975 1560 2017 res,
1598 1975 1700 2017 quae
1729 1970 1856 2008 mente
1885 1976 1932 2007 ac
1959 1968 2192 2018 cogitatione
2220 1970 2473 2022 comprehen·
2505 1995 2509 2000 -

192 2047 331 2088 duntur
359 2048 431 2087 Att.
460 2048 500 2097 8,
530 2047 570 2098 8,
600 2045 648 2085 2;
685 2044 839 2085 subisse
867 2043 959 2084 mihi
988 2043 1186 2084 videbatur
1205 2038 1260 2084 τὸ
1290 2043 1415 2084 καλόν
1444 2043 1492 2084 ad
1521 2044 1653 2085 oculos
1682 2047 1778 2086 eius.
1823 2067 1874 2074 —
1915 2046 1961 2087 Ut
1999 2049 2156 2099 tonare,
2194 2050 2254 2089 sic
2290 2049 2469 2092 intonare
2519 2071 2523 2075 ·

190 2127 332 2167 oratori
359 2126 502 2176 impetu
529 2123 698 2174 quodam
727 2123 844 2162 animi
871 2122 1011 2163 dicenti
1048 2122 1247 2162 tribuitur.-
1294 2123 1386 2162 Mur.
1414 2125 1489 2175 38,
1529 2125 1605 2163 81:
1648 2123 1845 2163 hesterna
1868 2127 2046 2166 contione
2075 2126 2242 2167 intonit
2271 2138 2345 2169 vox
2382 2139 2469 2181 per·

192 2204 340 2245 niciosa
369 2202 563 2252 designati
588 2201 728 2281 tribuni
761 2201 811 2251 ¹).

841 2325 885 2373 3.
951 2305 1087 2398 Aura,
1119 2328 1296 2386 ventas,
1328 2298 1555 2387 ventosus,
1588 2325 1824 2375 ventilare.

393 2439 499 2487 Aura,
526 2447 613 2478 eum
640 2439 794 2488 proprie
821 2438 870 2478 de
899 2435 990 2478 aere
1017 2417 1210 2489 spirante,
1246 2439 1414 2477 maxime
1451 2438 1499 2478 de
1538 2441 1628 2478 aere
1662 2438 1800 2479 leniter
1827 2443 1865 2479 et
1894 2438 2043 2491 placide
2080 2441 2253 2492 spirante
2289 2445 2471 2495 ponatur,

192 2516 241 2557 ad
269 2526 551 2597 quamcumque
577 2526 675 2566 rem,
694 2525 805 2565 quae
834 2525 907 2555 nos
936 2505 1053 2573 allicit
1080 2520 1131 2565 et,
1160 2519 1201 2555 ut
1220 2516 1363 2565 aliquid
1383 2525 1560 2568 agamus,
1579 2516 1752 2587 impellit,
1779 2517 2001 2557 traducitur.
2044 2518 2135 2559 flur.
2160 2521 2225 2571 17,
2245 2521 2323 2559 35·
2352 2517 2473 2561 totam

190 2578 423 2647 opinionem
446 2603 565 2645 parva
602 2601 891 2643 nonnumquam
928 2597 1137 2635 commutat
1165 2606 1257 2634 aura
1283 2595 1462 2635 rumoris
1514 2595 1615 2635 Sest.
1645 2596 1715 2646 47,
1749 2596 1849 2635 101·
1878 2595 1921 2643 Q.
1951 2596 2127 2637 Catulum
2156 2608 2283 2648 neque
2310 2598 2472 2649 periculi

191 2673 403 2725 tempestas
431 2681 559 2723 neque
588 2671 747 2714 lionoris
774 2683 866 2713 sara
893 2666 1016 2723 potu'it
1043 2681 1226 2723 umquam
1255 2671 1305 2713 de
1342 2683 1415 2729 suo
1454 2685 1562 2714 cusa
1600 2676 1666 2714 aut
1702 2684 1775 2725 spe
1812 2677 1880 2714 aut
1907 2678 2012 2715 metu
2041 2674 2256 2717 demovere.
2310 2677 2400 2718 Ace.
2434 2680 2472 2731 i,
2494 2654 2497 2658 ¹

194 2753 259 2804 13,
288 2753 357 2804 35,
374 2748 520 2805 *sperat
546 2730 731 2802 (Verres)
758 2749 833 2790 sibi
859 2744 987 2792 aarum
1015 2760 1136 2802 posse
1164 2741 1333 2802 aliquam
1362 2751 1485 2792 amari
1523 2752 1563 2792 in
1600 2751 1677 2793 hoc
1712 2754 1871 2801 crimine
1898 2753 2103 2796 voluntatis
2132 2764 2291 2807 eorum,
2328 2755 2471 2808 quibus

191 2830 259 2870 cn.
287 2828 486 2886 Carbonis·
502 2829 642 2870 mortui
669 2837 808 2870 nomen
837 2827 926 2870 odio
952 2819 1003 2889 sit
1030 2828 1147 2881 (dass
1173 2828 1258 2877 ihm,
1282 2828 1345 2870 bei
1371 2829 1499 2871 dieser
1528 2829 1843 2885 Auschuldigung
1871 2832 1934 2874 ein
1960 2833 2165 2886 gtinstiger
2190 2832 2304 2877 Wlnd
2332 2834 2373 2876 in
2400 2832 2472 2877 der

166 2909 415 2966 *summunt
436 2909 506 2948 der
533 2907 677 2948 Feinde
702 2907 893 2948 zuwelien
918 2897 1068 2960 kliane,
1106 2908 1145 2948 d.
1180 2910 1205 2947 i.
1239 2908 1339 2948 dass
1375 2909 1455 2949 ihm
1494 2909 1667 2950 dieselbe
1702 2921 1752 2951 zu
1781 2915 1923 2953 statten
1951 2912 2134 2957 kommen
2161 2912 2322 2966 kenne).
2376 2913 2472 2960 aar.

188 2997 292 3039 resp.
321 2986 390 3039 20,
419 2988 495 3027 43:
532 2985 747 3085 Sulpicium
773 2985 926 3036 lougius
954 2996 1072 3039 quam
1099 2985 1218 3028 voluit
1244 2986 1441 3039 popularis
1469 3000 1560 3028 aura
1587 2990 1772 3040 provexit.
1816 2992 1920 3031 Aura
1946 2990 2144 3042 popularis
2171 2990 2328 3033 brevius
2355 2991 2471 3042 vulgo

312 3169 345 3213 1)
391 3154 501 3205 Falso
529 3169 599 3205 hoe
627 3170 767 3213 poetice
789 3168 921 3239 dietum
953 3179 1033 3207 esse
1057 3169 1252 3205 'Fischer-us
1281 3169 1328 3205 ad
1350 3169 1386 3204 h.
1408 3170 1431 3204 l
1454 3132 1570 3214 putat.
1615 3171 1707 3207 Vide
1735 3172 1815 3208 Liv.
1838 3174 1873 3215 3,
1894 3174 1959 3209 48·
1991 3183 2071 3212 cum
2102 3175 2191 3210 haee
2218 3174 2473 3210 nun-inm

387 3232 517 3278 plenus
538 3233 627 3269 irae.
1239 3245 1245 3251 ·
