2895 3851
1524 315 1625 377 ³4

421 453 620 517 carentia,
659 454 703 493 ιιι
736 454 846 505 patet
882 462 935 494 ex
973 450 1090 493 Acad.
1117 451 1239 504 prior,
1268 451 1309 504 2,
1339 452 1380 503 7,
1405 452 1479 504 20,
1507 450 1621 494 blne-
1644 449 1780 494 umbra
1816 450 1870 493 vad
1908 453 2095 496 orationis
2130 456 2265 507 partes
2296 453 2424 498 ιἰιιιυ
2451 453 2669 508 musceto·
2687 438 2753 499 ειχ

421 534 582 574 ornatas
610 530 857 573 transfertur.
913 529 973 572 lta
1002 528 1051 571 de
1077 528 1139 572 οι·.
1169 531 1212 582 8,
1238 528 1311 582 26,
1334 530 1443 574 ,lois
1462 528 1616 576 habeat
1643 533 1776 572 tamen
1791 529 1867 572 villa
1893 532 1935 572 in
1963 530 2127 577 dicendo
2154 531 2357 579 admiratio
2384 542 2434 575 ac
2456 544 2616 581 summa,
2637 533 2726 589 laus

422 610 594 652 unhra-
624 608 797 662 aliquam
826 612 866 651 et
893 618 1117 661 recessum,
1147 617 1225 660 quo
1253 609 1399 660 magis
1409 607 1473 661 ld,
1486 607 1605 662 quod
1623 610 1698 651 erit
1715 608 2002 663 lala-inatus,
2029 614 2184 657 exstare
2207 613 2326 664 atque
2344 612 2517 657 eminere
2532 612 2725 668 videatur.

420 686 460 729 h.
490 698 526 729 e.
555 686 728 730 nonnulli
756 686 831 730 loci
860 687 1045 730 orationis
1074 686 1313 728 ornamentis
1342 689 1382 727 et
1408 684 1618 729 luminibus
1647 689 1818 731 careant.
1855 709 1912 718 —
1956 686 2102 731 Dehde
2140 686 2278 731 umbra
2308 688 2517 742 significat
2534 691 2723 748 specim,

417 765 651 818 imaginem,
684 769 727 807 ut
753 767 811 806 rel
839 763 988 807 solidae
1017 766 1057 805 et
1082 773 1201 805 verae
1211 766 1458 816 eopponatur.
1516 762 1592 806 011.
1618 766 1660 817 a,
1690 767 1768 817 17,
1786 766 1863 807 09:
1901 776 1977 807 nos
2003 766 2085 807 veri
2112 767 2209 809 ituris
2233 776 2526 820 germanaeque
2552 769 2723 811 iustitiae

416 842 583 886 solidam
621 847 662 886 et
700 854 929 897 expressam
967 842 1138 895 effigiem
1175 841 1322 886 nullam
1361 846 1564 896 tenemus,
1602 843 1736 887 umbra
1773 846 1813 886 et
1845 843 2083 896 imaginibus
2121 846 2274 905 utimur.
2327 844 2426 898 liep.
2452 839 2495 899 2,
2532 847 2603 900 80,
2639 847 2719 890 ⁵2⁸:

417 920 570 974 (Plato)
609 922 819 975 optandam
857 922 984 973 magis
1022 931 1140 973 quam
1178 920 1415 974 sperandam
1447 920 1584 964 effecit
1619 922 1868 974 (civitatem),
1905 934 1982 974 ego
2010 926 2140 966 autem
2167 922 2382 967 rationibus
2408 924 2582 979 eisdem,
2619 913 2720 978 quaa
2790 912 2792 914 ’

415 999 483 1043 iile
511 1000 625 1053 vidit,
653 1012 731 1044 non
759 1002 800 1045 ιιι
829 1000 962 1044 umbra
990 1004 1029 1043 et
1055 1001 1228 1052 imagine
1257 1001 1443 1054 σινιιιιιιε,
1471 1000 1543 1044 sed
1570 1002 1611 1044 in
1639 1000 1879 1054 amplissima
1906 1012 1988 1055 rep.
2018 1003 2166 1056 enitar,
2194 1005 2238 1045 ιιι
2264 1005 2337 1047 etc.
2392 1002 2489 1046 Rab.
2516 1008 2619 1057 post.
2650 1007 2718 1058 15,

417 1080 495 1123 41:
537 1079 706 1123 ambra·
737 1080 879 1134 equitis
907 1079 1069 1124 Romani
1099 1081 1138 1122 et
1166 1079 1376 1133 imaginem
1405 1078 1568 1133 videtis,
1606 1062 1721 1123 unius
1748 1080 1861 1123 amici
1889 1083 2157 1132 conservatam
2189 1081 2335 1126 auxilio
2361 1085 2402 1128 et
2426 1081 2515 1127 nde.
2537 1091 2542 1104 “
2572 1085 2648 1130 Ait.
2676 1085 2719 1141 7,

422 1161 489 1210 11,
522 1162 566 1200 1:
597 1169 622 1201 ιι
650 1159 848 1201 hominem
875 1161 1084 1212 miserum,
1118 1161 1185 1210 qui
1212 1170 1265 1200 ne
1293 1159 1464 1201 ambra·
1492 1159 1647 1211 quidem
1676 1169 1860 1210 umquam
1888 1162 1966 1199 τοῦ
1992 1161 2123 1200 καλοῦ
2148 1159 2305 1202 viderit!
2360 1161 2443 1203 Flu.
2474 1165 2512 1215 1,
2544 1166 2611 1215 18,
2641 1161 2718 1206 st·

415 1236 540 1278 Stoici
568 1241 713 1288 negant
739 1248 831 1279 esse
858 1237 1004 1279 bonum
1033 1238 1243 1289 quicquam
1271 1239 1346 1279 nisi
1374 1239 1509 1279 nescio
1537 1247 1652 1289 quam
1681 1237 1785 1279 illam
1816 1224 2006 1289 ambram,
2043 1239 2148 1290 quod
2176 1239 2371 1292 appellant
2404 1239 2611 1283 honestum
2639 1253 2719 1285 non

412 1318 493 1356 tam
520 1315 645 1356 ulid·
676 1326 794 1367 quam
823 1316 1024 1369 splendido
1053 1317 1223 1357 nomine.
1279 1317 1405 1357 Etiam
1434 1317 1475 1357 in
1501 1316 1600 1368 plur.
1627 1326 1731 1358 num.
1759 1316 1839 1357 Pis.
1867 1318 1936 1370 24,
1964 1318 2041 1358 5⁷:
2078 1318 2207 1359 omnis
2233 1318 2385 1359 ambra·
2410 1318 2540 1360 falsae
2567 1319 2717 1370 gloriae

412 1393 639 1434 consectari.
697 1393 780 1435 lluc
807 1392 1061 1446 proverbialis
1089 1392 1253 1435 locutio:
1293 1393 1464 1435 ubra-
1498 1395 1581 1435 sive
1608 1393 1757 1435 subtus
1791 1394 1929 1436 timere
1956 1393 2163 1437 referenda
2193 1397 2255 1437 est
2295 1395 2391 1448 (Att.
2425 1396 2490 1450 1⁵,
2520 1396 2587 1452 20,
2616 1398 2645 1439 4
2674 1400 2714 1439 et

410 1469 493 1512 Pet.
521 1480 627 1513 cons.
657 1472 699 1527 2,
722 1472 785 1525 9),
816 1481 918 1524 quae
948 1473 1034 1513 sine
1063 1480 1184 1514 causa
1211 1473 1252 1513 in
1279 1472 1419 1513 timore
1448 1481 1540 1513 esse
1566 1472 1769 1524 significat.
1827 1471 2001 1525 Denique
2026 1472 2151 1516 semel
2188 1472 2291 1527 apud
2320 1473 2546 1536 Ciceronem
2574 1474 2713 1518 umbra

411 1553 473 1591 est
501 1559 633 1592 comes
661 1551 756 1592 ltur.
786 1553 827 1605 6,
861 1552 928 1604 18,
956 1550 1023 1592 ιιιιι
1050 1550 1206 1593 saltatio
1236 1551 1374 1592 umbra
1401 1550 1579 1593 luxuriae
1607 1552 1835 1592 nominatur.
1848 1543 1891 1603 ι)’

1127 1675 1172 1727 4.
1240 1673 1490 1739 Tenebrae,
1522 1674 1854 1740 tauchitanus,
1886 1691 1990 1728 nox.

613 1776 706 1818 Luci
735 1787 783 1819 ac
809 1776 944 1819 lumini
983 1778 1187 1831 oppositae
1224 1780 1318 1819 sunt
1355 1776 1552 1819 tenebrae.
1619 1777 1861 1831 Saepissime
1899 1778 1999 1820 baec
2033 1788 2108 1820 vox
2146 1779 2186 1819 in
2222 1779 2319 1832 reip.
2358 1779 2710 1832 perturbationibus

406 1856 556 1898 dicitur.
598 1856 642 1897 V.
672 1866 793 1909 supra
821 1856 937 1897 Arch.
967 1859 1007 1909 6,
1042 1858 1094 1897 14
1123 1859 1163 1897 et
1190 1855 1286 1897 Sull.
1321 1857 1386 1908 14,
1415 1857 1471 1897 40
1499 1867 1532 1896 v.
1560 1855 1711 1909 lumen;
1741 1855 1871 1897 Plane.
1905 1858 1970 1909 17,
2001 1857 2070 1909 42,
2097 1855 2140 1904 Q.
2167 1856 2216 1897 fr.
2252 1858 2288 1909 ι,
2319 1858 2360 1911 2,
2390 1860 2416 1899 9
2444 1870 2479 1900 v.
2507 1858 2589 1901 lux.
2617 1861 2708 1902 Acc.

407 1937 450 1987 8,
479 1938 549 1988 76,
582 1937 676 1978 177.
731 1936 843 1977 Prov.
872 1945 979 1976 cons.
1014 1937 1080 1988 18,
1109 1937 1177 1976 43.
1235 1934 1329 1975 Red.
1359 1936 1399 1975 ιιι
1428 1945 1512 1975 sen.
1542 1936 1583 1987 8,
1613 1937 1639 1976 5
1669 1946 1703 1975 v.
1734 1934 1870 1986 caligo.
1927 1935 2041 1977 Rosc.
2071 1936 2114 1976 Δ.
2143 1937 2213 1988 82,
2243 1938 2321 1977 91:
2349 1939 2417 1988 qui
2445 1941 2644 1990 tamquam
2672 1941 2708 1981 si

406 2012 537 2056 offusa
564 2015 662 2067 reip.
690 2014 929 2066 sempiterna
956 2023 1034 2055 nox
1071 2018 1202 2067 esset,
1239 2014 1294 2054 ita
1330 2011 1497 2054 ruebant
1533 2013 1573 2053 tn
1610 2013 1780 2055 tenebris
1817 2014 2025 2065 omniaque
2063 2013 2289 2056 miscebant.
2346 2014 2470 2057 Flacc.
2501 2017 2570 2069 40,
2603 2018 2706 2059 102:

404 2103 429 2134 ιι
457 2103 537 2134 nox
564 2093 643 2144 illa,
672 2103 775 2143 quae
803 2102 930 2144 paene
959 2095 1143 2133 aeternas
1170 2091 1262 2132 huic
1289 2091 1375 2132 urbi
1403 2092 1582 2133 tenebras
1611 2091 1780 2132 attulisti.
1838 2091 1880 2132 V.
1909 2103 1942 2132 s.
1973 2092 2073 2133 dom.
2106 2094 2173 2143 10,
2202 2094 2258 2134 24
2285 2104 2320 2133 v.
2348 2093 2488 2135 nubes.
2541 2097 2632 2145 Agr.
2667 2099 2705 2148 1,

404 2174 445 2222 8,
472 2172 551 2213 24:
591 2182 710 2222 quum
745 2170 889 2222 populo
918 2171 962 2212 R.
989 2181 1065 2212 vox
1103 2173 1142 2211 et
1182 2171 1392 2211 auctoritas
1422 2169 1593 2211 consulis
1627 2172 1789 2220 repente
1824 2171 1865 2211 in
1903 2172 2020 2211 tantis
2057 2170 2227 2212 tenebris
2255 2154 2464 2234 illuxerit..
2498 2173 2605 2215 Dom.
2635 2177 2703 2225 44,

406 2252 510 2293 116:
539 2249 616 2292 illis
642 2250 759 2292 tantis
788 2248 969 2292 tenebrIs.
1028 2249 1118 2299 Agr.
1148 2249 1190 2301 2,
1220 2250 1287 2300 26,
1317 2250 1394 2291 69:
1434 2250 1473 2290 in
1501 2248 1578 2291 illis
1605 2250 1701 2300 reip.
1730 2248 1912 2292 tenuris.
1970 2248 2076 2291 Fam.
2110 2250 2176 2301 12,
2210 2250 2283 2301 18,
2317 2251 2362 2292 1:
2400 2252 2580 2293 maximis
2607 2253 2704 2305 reip.

401 2329 586 2371 tenebris.
636 2328 745 2370 Dom.
774 2329 845 2380 58,
879 2329 982 2370 187ε
1011 2328 1052 2369 ιιι
1080 2327 1288 2378 naufragio
1317 2327 1429 2378 reip.‚
1456 2327 1630 2369 tenebris
1650 2326 1802 2369 offusis.
1851 2327 1943 2377 Leg.
1974 2328 2014 2380 8,
2046 2329 2087 2381 9,
2115 2327 2192 2369 21:
2222 2330 2363 2378 gentes
2381 2327 2458 2370 sibi
2476 2329 2516 2370 in
2535 2329 2705 2376 tenebris

401 2409 498 2459 reip.
526 2397 989 2463 perturbandas.'“Fam.
1018 2408 1059 2457 9,
1089 2407 1130 2459 2,
1160 2406 1210 2446 2;
1241 2406 1329 2457 quis
1358 2408 1420 2446 est
1447 2409 1525 2446 tam
1553 2405 1728 2457 lynceus,
1757 2407 1823 2458 qui
1851 2407 1891 2446 ιιι
1920 2406 2039 2446 tantis
2065 2406 2233 2446 tenebris
2261 2406 2357 2447 nibil
2385 2406 2582 2462 offendat,
2610 2417 2703 2450 nus-
2742 2415 2744 2417 ’

401 2495 519 2536 quam
545 2487 727 2526 incurrat.
751 2480 757 2485 ”
783 2485 839 2524 lb.
869 2487 910 2536 4,
939 2486 981 2536 8,
1009 2486 1057 2524 2;
1087 2487 1127 2524 ιιι
1155 2486 1273 2524 tantis
1300 2484 1471 2524 tenebris
1502 2488 1540 2524 et
1568 2485 1681 2534 quasi
1710 2485 1910 2534 parietinis
1939 2485 2034 2535 reip.
2064 2506 2120 2514 —
2147 2484 2295 2524 Deinde
2323 2484 2375 2524 ad
2402 2486 2701 2538 ignorationem,

400 2565 646 2617 oblivionem,
674 2564 931 2606 humilitatem
958 2565 1117 2614 generis
1145 2563 1326 2605 refertur.
1384 2563 1502 2604 Acad.
1531 2575 1589 2615 pr.
1618 2564 1659 2614 2,
1694 2565 1758 2614 19,
1789 2566 1865 2605 61:
1900 2565 1987 2615 isti,
2022 2575 2120 2615 quos
2148 2567 2190 2606 tu
2216 2564 2386 2617 probas,
2413 2566 2533 2605 tantis
2561 2564 2702 2607 offusis

398 2644 580 2694 tenebris,
608 2654 659 2685 ne
687 2642 891 2686 scintillam
919 2642 1077 2694 quidam
1107 2642 1223 2685 ullam
1254 2641 1368 2685 nobis
1398 2641 1449 2684 ad
1478 2640 1756 2693 dispiciendam
1787 2640 2036 2692 reliquerunt.
2093 2640 2143 2682 lb.
2174 2642 2216 2693 2,
2244 2643 2313 2693 89,
2346 2643 2447 2684 122ε
2476 2641 2599 2685 latent
2624 2644 2703 2685 ista

398 2722 535 2765 omnia*
556 2722 703 2764 crassis
732 2719 924 2764 occultata
954 2723 993 2763 et
1021 2719 1257 2764 circumfusa
1284 2720 1469 2774 tenchris,
1500 2717 1664 2763 utnulla
1685 2719 1790 2762 acies
1808 2718 1969 2763 humani
1988 2719 2136 2772 ingenii
2154 2722 2262 2780 tanta
2281 2720 2345 2774 sit,
2374 2729 2477 2773 quae
2493 2723 2701 2774 penetrare

394 2803 436 2844 ln
464 2801 616 2844 caelum
642 2801 780 2854 possit.
838 2800 957 2843 Acad.
985 2805 1087 2854 post.
1118 2802 1158 2855 1,
1191 2801 1258 2855 12,
1287 2802 1365 2843 44:
1393 2799 1489 2843 nibil
1517 2787 1668 2842 veritati
1695 2798 1881 2852 relinqui,
1909 2797 2079 2851 denique
2107 2799 2238 2842 omnia
2265 2799 2435 2842 tenebris
2464 2800 2700 2844 circumfusa

538 2963 572 3005 1)
599 2961 733 2997 Umbra
754 2972 822 3006 pro
846 2962 970 2996 tutela:
985 2971 1162 3005 nusquam
1186 2971 1209 2996 a
1233 2961 1352 2996 Tullio
1390 2959 1566 2996 translate
1601 2958 1766 3003 ponitur,
1797 2957 1866 2992 nisi
1898 2959 1935 2993 in
1962 2958 2031 2993 hac
2062 2958 2331 3003 comparatione
2365 2957 2476 2994 Acad.
2501 2969 2556 3003 pr.
2581 2959 2615 3004 2,
2638 2960 2696 3005 22,
2740 2954 2762 2978 ⁰

601 3026 661 3061 70:
688 3023 917 3068 (Antiochus)
943 3023 1052 3060 cessit
1077 3030 1112 3060 et
1135 3029 1176 3060 ut
1199 3025 1226 3060 ii
1251 3025 1313 3069 qui
1336 3023 1403 3060 sub
1426 3023 1540 3059 Novis
1564 3022 1676 3058 solem
1700 3031 1773 3057 nou
1797 3019 1934 3066 ferunt,
1958 3021 2043 3057 item
2066 3020 2147 3065 ille,
2173 3030 2253 3056 cum
2276 3020 2501 3064 aestuaret,
2518 3026 2696 3067 veterum,

597 3094 639 3124 ut
660 3088 925 3132 Maeaniorum,
961 3088 1014 3123 sic
1038 3087 1334 3123 Academicorum
1358 3086 1555 3122 umbram
1580 3088 1725 3119 secutus
1757 3087 1813 3118 est
1848 3082 1902 3125 (er
1931 3082 2102 3119 flnchtete
2134 3082 2211 3118 sich
2243 3087 2351 3118 unter
2380 3083 2444 3120 das
2476 3084 2695 3121 schutzende

598 3151 746 3188 Obdach
771 3151 835 3187 der
858 3151 956 3187 alten
979 3150 1202 3195 Aksdemie.)
1249 3150 1331 3186 vid.
1355 3151 1574 3195 interpretes
1598 3147 1644 3183 ad
1677 3147 1713 3182 h.
1738 3146 1762 3182 l.
1789 3149 1827 3181 et
1849 3145 1989 3181 Becker
2034 3146 2156 3191 Antiq.
2182 3145 2215 3191 1,
2237 3145 2309 3182 295
2333 3156 2384 3192 sq.
2426 3146 2591 3183 Ceterum
2614 3148 2703 3184 eius-

597 3226 684 3253 usus
707 3216 814 3262 plura
838 3216 1003 3261 exempla
1025 3215 1121 3260 apud
1145 3215 1287 3252 Livium
1311 3219 1467 3259 exstant,
1493 3224 1584 3259 quae
1609 3211 1753 3257 collegit
1775 3209 1884 3246 Baur.
1908 3209 1931 3245 1.
1956 3209 1982 3245 1.
