2895 3851
1526 316 1562 376 8

387 454 545 506 ponitur
571 460 641 504 pro
667 459 763 493 aura
790 449 936 492 favoris
964 448 1177 503 populans,
1207 449 1335 511 (vide
1344 450 1487 492 urium
1497 441 1585 516 ’22
1615 452 1743 503 8⁶,4
1774 451 1822 501 ¹).
1891 450 1981 502 Leg.
2010 452 2060 502 3,
2104 452 2178 501 io,
2216 451 2291 491 3⁵:
2330 450 2372 492 1,.
2399 450 2537 493 cassio
2564 450 2678 538 dtul-

388 531 504 573 dente
531 540 555 572 a
583 530 696 572 bonis
725 532 842 581 atque
871 529 998 572 omnis
1025 527 1268 571 rumusculos
1294 501 1492 581 populum
1520 540 1636 571 urae
1663 531 1925 581 aucupante..

587 608 692 651 Venti
721 617 811 650 cum
840 611 907 649 aut
932 606 1094 649 secundi
1122 610 1189 649 aut
1215 606 1370 649 adversi
1396 608 1487 660 sint,
1517 606 1718 660 dupliciter
1744 606 2009 660 metaphorice
2036 608 2251 660 ponuntur,
2279 607 2335 649 ita
2362 612 2405 649 ut
2431 590 2596 662 primum
2625 609 2674 650 de
2728 632 2734 633 ff
2793 579 2799 583 μ

387 695 579 740 prospera
605 687 761 727 fortuna
790 687 1046 737 usurpentur,
1081 684 1186 725 velut
1211 685 1287 724 Att.
1316 685 1366 735 2,
1400 687 1444 735 1,
1474 686 1521 724 σε
1564 685 1745 725 caesaris
1783 694 1888 725 nunc
1922 685 2022 725 venti
2058 684 2169 725 valde
2206 689 2296 724 sunt
2331 685 2504 726 secundi.
2540 674 2669 736 ¹ilinc,

385 770 426 807 nt
455 767 552 806 'aura
578 764 791 817 popularis,
818 765 878 803 sic
903 767 1041 803 ventus
1068 763 1267 814 popularis
1294 763 1431 803 dicitur
1458 762 1540 803 Clu.
1570 765 1646 813 47,
1680 765 1779 804 180:
1817 774 1955 804 omnes
1983 758 2256 814 intelligimus,
2293 765 2333 804 in
2360 765 2446 805 latis
2475 764 2674 817 subscrip·

384 843 554 885 tionibus
581 847 729 884 venta-
759 840 954 901 qnendam
982 841 1210 893 popularem
1238 852 1330 883 esse
1359 842 1591 892 quaesitum.
1635 841 1692 883 Cf.
1712 841 1827 894 paulo
1847 846 2036 893 post:.ex
2062 845 2143 885 tota
2168 841 2453 896 subscriptione
2479 850 2672 888 rumora-

385 919 580 975 quendam
608 925 647 963 et
673 919 854 973 plausum
881 917 1108 972 popularem
1138 929 1229 960 esse
1256 913 1490 972 quaesitum.
1533 919 1600 961 Sic
1627 921 1729 962 venti
1757 919 1931 962 subsidia
1951 919 2100 962 llilonis
2119 919 2168 961 ad
2197 919 2437 963 consulatum
2464 920 2672 974 petendu·

384 1002 568 1041 vocantur
596 990 704 1039 Fam.
733 998 774 1050 2,
801 999 842 1050 6,
872 998 920 1039 4:
949 996 1028 1039 dux
1055 996 1168 1038 nobis
1198 1001 1237 1037 et
1265 1002 1400 1039 auctor
1427 1007 1526 1050 opus
1556 1002 1615 1038 est
1644 1002 1683 1039 et
1707 1008 1841 1039 eorum
1860 1001 2068 1048 ventem,
2096 1007 2196 1049 quos
2225 1000 2422 1050 proposui,
2451 999 2672 1041 moderator

384 1079 540 1130 quidam
570 1081 608 1116 et
635 1079 749 1127 quasi
777 1076 1024 1125 gubernator.
1081 1076 1205 1115 Locus
1233 1076 1283 1115 ab
1312 1076 1585 1127 interpretibus
1618 1076 1729 1115 valde
1767 1081 1929 1116 vexatus
1964 1083 2025 1116 est
2052 1076 2134 1116 Clu.
2163 1078 2241 1127 28,
2280 1079 2355 1117 77;
2395 1079 2436 1117 L.
2463 1078 2672 1125 Quinctius,

384 1157 501 1198 homo
529 1156 696 1197 maxime
724 1153 935 1206 popularis,
964 1154 1030 1205 qui
1058 1163 1195 1195 omnes
1223 1165 1421 1196 rumorum
1450 1158 1490 1195 et
1515 1155 1735 1196 contionum
1762 1157 1890 1196 vente·
1917 1154 2097 1208 colligere
2124 1160 2371 1204 consuesset,
2400 1154 2567 1198 oblatam
2595 1154 2670 1198 sibl

384 1232 605 1275 facultatem
632 1224 801 1285 putavit,
825 1236 866 1273 ut
895 1243 945 1273 ex
970 1230 1111 1273 invidia
1139 1233 1335 1274 senatoria
1363 1235 1499 1284 posset
1534 1242 1722 1273 crescere.
1781 1231 1913 1283 imago
1952 1231 1989 1273 11.
2028 1231 2052 1274 l.
2091 1242 2114 1273 a
2152 1233 2397 1284 navigatione
2436 1236 2563 1274 sumta
2597 1237 2671 1274 est.

382 1311 477 1352 Nam
507 1312 610 1351 venti
636 1309 910 1361 intelleguntur
935 1320 1113 1352 rumores
1123 1320 1141 1361 ,·
1175 1321 1275 1362 quos
1312 1312 1457 1362 sparsit
1485 1314 1524 1351 et
1552 1312 1765 1362 contiones,
1793 1320 1893 1362 ques
1924 1312 2124 1352 concitavit
2152 1312 2191 1351 in
2219 1310 2343 1362 alios,
2367 1316 2409 1352 ut
2445 1312 2542 1364 ipse
2559 1312 2673 1363 quasi
2781 1319 2786 1322 ·

385 1390 630 1441 prosperiore
658 1399 775 1430 cursu
804 1388 1011 1435 veheretur
1039 1392 1078 1429 et
1103 1388 1244 1429 invidie
1274 1390 1313 1429 in
1342 1387 1441 1430 alios
1471 1389 1637 1429 excitata
1666 1394 1868 1429 cresceret.
1909 1410 1957 1418 -
1999 1388 2145 1429 Deinde
2173 1390 2276 1429 venti
2304 1399 2374 1441 pro
2403 1387 2565 1429 adversa
2593 1388 2672 1430 {or-

385 1472 477 1509 tuna
505 1468 754 1519 accipiuntur,
784 1471 826 1508 ut
852 1466 929 1508 Pis.
958 1470 998 1519 9,
1030 1468 1105 1508 21;
1151 1466 1249 1509 alios
1278 1466 1354 1508 vidi
1383 1470 1525 1516 ventos,
1555 1466 1653 1508 alias
1673 1469 1856 1520 prospexi
1875 1469 2003 1509 animo
2022 1467 2224 1520 procellas,
2253 1466 2341 1508 aliis
2359 1466 2670 1520 impendentibus

383 1546 672 1598 tempestatibus
701 1555 779 1587 non
808 1547 922 1587 cessi.
981 1545 1089 1586 Unde
1118 1546 1166 1586 de
1195 1544 1334 1586 invidia
1362 1547 1401 1586 in
1431 1545 1599 1597 aliquem
1628 1548 1818 1587 concitata
1847 1546 2036 1597 dicuntur,
2066 1549 2108 1586 ut
2134 1546 2220 1587 Acc.
2252 1547 2291 1597 3,
2322 1548 2390 1598 fii,
2419 1548 2494 1587 98:
2523 1548 2582 1587 sic
2609 1551 2670 1587 est

324 1666 329 1681 ‚
385 1625 448 1666 hic
477 1625 571 1666 ordo
599 1619 712 1675 quasi
741 1626 962 1676 propositus
991 1628 1108 1674 atque
1138 1624 1264 1664 editus
1294 1625 1332 1664 in
1371 1624 1511 1675 altum,
1554 1629 1595 1665 ut
1637 1624 1686 1664 ab
1728 1624 1906 1665 omnibus
1944 1625 2064 1665 ventis
2100 1624 2266 1665 invidiae
2300 1624 2526 1666 elren-fleri
2554 1634 2672 1676 posse

381 1703 568 1759 videatur.
625 1702 720 1744 Sull.
754 1704 819 1752 14,
849 1704 926 1744 41:
970 1712 1047 1753 quo
1086 1701 1240 1743 facilius
1269 1706 1377 1742 vent·
1415 1701 1544 1753 aliquo
1582 1704 1621 1743 in
1665 1704 1848 1755 optimum
1893 1705 2087 1754 quemque
2125 1704 2291 1744 excitato
2328 1707 2464 1755 posset
2490 1705 2529 1745 in
2558 1704 2668 1745 malis

382 1783 476 1833 reip.
506 1785 653 1834 pertn-
683 1780 851 1832 aliquem
879 1791 1038 1821 suorum
1068 1780 1255 1821 malorum
1285 1782 1468 1820 invenire.
1527 1781 1711 1821 Similiter
1749 1782 1797 1821 de
1837 1782 1943 1822 fama
1979 1782 2082 1821 Fam.
2122 1784 2172 1832 8,
2210 1784 2259 1832 8,
2295 1783 2343 1821 2:
2388 1792 2529 1832 magna
2568 1782 2669 1823 illico

302 1864 315 1875 '
380 1860 486 1900 fama
524 1861 692 1900 surrexit
731 1864 768 1900 et
806 1861 855 1900 de
894 1860 1141 1900 damnatione
1176 1860 1371 1899 ferventer
1408 1860 1512 1910 loqui
1550 1864 1610 1899 est
1649 1865 1837 1910 coeptum.
1895 1860 1976 1907 Quo
2015 1864 2123 1900 vent·
2150 1860 2469 1910 (nachtheillgem
2499 1861 2669 1912 Gerede)

383 1938 564 1990 proicitur
603 1938 761 1990 Appius
816 1937 1026 1979 Praeterea
1055 1937 1104 1979 ci'.
1134 1937 1239 1978 Fam.
1273 1939 1344 1990 12,
1376 1933 1453 1989 25,
1479 1939 1528 1979 5:
1568 1937 1819 1989 quamobrem
1857 1938 2074 1981 conscende
2111 1936 2311 1980 nobiscum
2352 1943 2390 1980 et
2428 1939 2583 1990 quidem
2618 1938 2668 1980 ad

382 2016 549 2071 puppim.
593 2016 675 2057 Una
704 2016 809 2057 nevis
838 2020 900 2057 est
926 2017 1004 2057 iam
1034 2015 1221 2058 bonorum
1251 2017 1442 2068 omnium3
1470 2025 1586 2067 quam
1616 2016 1773 2068 quidem
1800 2026 1872 2058 nos
1893 2016 2029 2059 damus
2049 2028 2206 2071 operam
2229 2022 2269 2058 ut
2288 2021 2433 2058 rectam
2454 2021 2668 2058 teneamus.

382 2095 533 2135 Utinam
562 2105 750 2147 prospero
779 2097 913 2136 cursu!
972 2094 1050 2135 Sed
1091 2096 1309 2146 quicunque
1349 2095 1447 2134 venti
1487 2099 1619 2146 erunt,
1658 2105 1723 2134 ars
1763 2100 1893 2135 nostra
1932 2101 2035 2136 certe
2073 2107 2150 2138 non
2190 2096 2323 2136 aberit.
2380 2095 2553 2147 Denique
2581 2106 2677 2147 pro->

383 2173 564 2215 verbialis
594 2174 733 2216 locutio
763 2175 882 2215 ventis
911 2175 1025 2216 renis
1056 2175 1160 2215 Fam.
1199 2175 1273 2225 12,
1313 2175 1389 2225 25,
1430 2175 1454 2213 3
1493 2173 1830 2214 commemoranda
1868 2180 1950 2225 est,
1992 2186 2093 2226 quae
2134 2174 2343 2225 significat:
2388 2174 2490 2215 omni
2533 2175 2667 2215 virium

379 2252 636 2293 contentione.
666 2274 718 2280 —

582 2331 761 2373 ventosus
788 2330 907 2373 homo
936 2334 997 2372 est
1026 2329 1192 2383 mobilis,
1221 2332 1467 2382 inconstans,
1504 2330 1622 2380 levis,
1652 2339 1788 2371 vanus.
1832 2330 1899 2370 Sic
1926 2330 2092 2383 Lepidus
2120 2341 2143 2371 a
2175 2332 2289 2371 Bruto
2317 2329 2410 2370 Fam
2443 2332 2517 2383 11,
2547 2333 2588 2383 9,
2624 2333 2666 2371 i:

381 2408 498 2449 homo
528 2410 806 2450 ventosissima·
836 2409 1062 2461 appellatur.
1122 2409 1229 2450 Adde
1259 2410 1355 2450 Phil.
1388 2412 1458 2460 11,
1499 2411 1547 2460 7,
1591 2411 1662 2449 1⁷:
1708 2410 2055 2450 extraordinarium
2091 2411 2292 2461 imperium
2330 2409 2515 2461 populare
2552 2392 2669 2461 atque

385 2489 576 2527 ventosn-
604 2492 678 2538 est,
708 2488 864 2528 minime
893 2476 1050 2529 nostrae
1079 2489 1292 2539 gravitatis,
1322 2489 1476 2529 minime
1504 2486 1618 2528 liuius
1648 2486 1804 2529 ordinis.
1836 2510 1884 2517 —-

587 2565 779 2607 Ventilue
808 2572 869 2607 est
896 2568 1051 2619 proprie
1079 2570 1192 2609 vento
1219 2567 1397 2608 faciendo
1427 2568 1597 2608 excitare
1633 2566 1789 2618 aliquid.
1857 2567 2060 2609 Translate
2098 2567 2146 2608 de
2182 2566 2394 2609 seditione:
2439 2567 2562 2628 Flacc.
2600 2568 2668 2617 23,

383 2644 460 2684 54:
504 2645 613 2685 cuius
654 2644 784 2696 lingua
823 2646 937 2697 quasi
975 2645 1126 2686 flabello
1161 2645 1361 2686 seditionis
1395 2644 1458 2685 ills
1498 2648 1578 2686 tum
1614 2650 1674 2685 est
1714 2646 1907 2695 egentium
1936 2647 2062 2686 contio
2104 2645 2284 2686 ventilet·
2326 2645 2491 2696 (dessen
2535 2645 2668 2696 zunge

384 2721 457 2763 den
489 2722 600 2764 wind
630 2723 798 2776 machia,
827 2710 996 2766 welcher
1023 2723 1174 2765 damals
1196 2724 1290 2775 jene
1320 2722 1837 2775 Proletarierversammlung
1866 2723 2072 2775 autgeregt
2100 2723 2180 2765 liat.
2227 2720 2538 2776 'Naegelsbacn).

657 2846 701 2898 4.
767 2846 937 2910 flat-s,
970 2846 1171 2909 afflatus,
1205 2847 1380 2909 afflare,
1410 2845 1717 2905 circa-lare,
1751 2847 1964 2910 conflare,
1998 2839 2174 2909 inlate,
2206 2846 2408 2897 lnflstns.

581 2960 704 3003 l'lstu
733 2961 967 3003 uansfertur
994 2961 1044 3003 ad
1074 2961 1271 3003 fortunam
1299 2959 1372 3002 off.
1401 2961 1448 3012 2,
1479 2963 1527 3012 o,
1560 2962 1632 3002 19:
1672 2970 1762 3002 1111111
1791 2964 1830 3001 et
1857 2970 1943 3002 cum
1971 2971 2160 3014 prospero
2188 2961 2278 3003 fleta
2305 2960 2485 3001 fortunae
2514 2961 2669 3012 utimur,

377 3039 429 3080 ad
457 3041 584 3083 exitus
611 3041 853 3093 „nebi-ar
881 3044 1057 3093 optatos,
1087 3044 1126 3081 et
1155 3050 1242 3081 cum
1271 3039 1428 3088 reflavit,
1458 3039 1672 3092 atligi-nr.
1732 3039 1865 3091 imago
1891 3050 1916 3081 a
1944 3031 2190 3092 navissatione
2217 3038 2333 3081 ducta
2362 3043 2438 3092 est,
2466 3041 2507 3080 ut
2534 3036 2584 3079 de
2612 3048 2668 3080 or.
2712 3096 2717 3099 ᾖ

497 3201 531 3245 1)
578 3201 690 3237 Plura
712 3200 877 3244 exempla
900 3199 1046 3245 collegit
1069 3199 1177 3243 Bam,
1212 3199 1256 3234 de
1289 3200 1427 3244 aliquot
1452 3199 1727 3236 translationum
1752 3199 1980 3234 Livianaruin
2012 3199 2213 3244 generibus.
2262 3199 2445 3242 Augustae
2469 3196 2670 3233 Vindelico·
2703 3185 2705 3187 ¹

576 3270 655 3295 rum
678 3256 781 3294 1864.
