2895 3852
181 420 330 527 ‚eaire
337 459 388 503 de
405 458 553 514 τινί,
558 468 636 501 808
670 458 832 523 abiectis
868 459 953 522 sed
950 462 1119 535 ereptis
1137 461 1401 531 ζώω-888118
1430 464 1543 514 cupio
1571 464 1734 509 istorum
1760 461 1985 528 anati-agia
1992 472 2037 503 ax
2063 465 2168 512 terra
2202 462 2260 513 (i.
2288 471 2326 502 e.
2347 460 2489 510 tuuis)

200 513 360 582 ‘iat-erl·
414 536 628 589 Praeterea
650 518 745 590 Rei)
778 539 814 590 i,
848 527 914 592 17,
942 538 1018 603 283
1064 541 1152 593 quis
1180 550 1415 596 quemquam
1442 543 1553 594 putet
1577 540 1746 585 firmiore
1773 538 1931 583 fortuna
1958 548 2078 592 quam
2104 539 2172 592 qui
2198 548 2248 581 ea
2273 536 2492 592 possideat,

34 584 50 615 ”’
119 635 124 637 ·
199 626 303 674 quae
339 606 495 685 secan,
524 619 567 659 ut
602 616 734 670 aiunt,
770 615 831 658 vel
858 627 880 658 8
908 599 1105 673 ιιιῄιζιο
1132 620 1259 672 possit
1286 619 1449 662 ecferre.
1507 618 1745 673 intellegitur
1772 617 2029 672 tranquillius
2056 610 2259 674 sapientis.
2315 615 2490 670 Denique

199 699 275 741 Att-
303 699 345 753 4,
376 681 444 751 li),
472 696 521 740 23
552 684 737 750 perspice
773 706 860 737 cum
899 680 1067 758 Caesare
1103 699 1374 741 suavissimam
1416 700 1721 741 coniunctionem
1749 721 1805 728 —-
1831 697 1934 740 lraee
1968 697 2073 739 enlm
2108 706 2173 739 me
2210 705 2290 738 uua
2325 705 2378 738 ex
2412 694 2491 736 noe

201 775 430 831 ιιιῐηςΙο-
423 763 565 818 tabula
599 773 788 828 delectat,
822 775 848 816 i.
876 786 912 817 8.
947 754 1023 833 lioc
1058 787 1177 827 uuum
1213 776 1392 820 solatium
1430 782 1622 831 superest.
1676 778 1721 820 V.
1748 778 1864 829 frgm.
1897 788 1954 819 or.
1981 788 2021 830 p.
2048 778 2132 819 948
2161 774 2224 817 or.
2261 798 2315 804 —
2350 773 2487 826 Itaque

181 857 403 918 ἰιιίι-ιζιι
428 855 465 897 18
492 852 642 907 dicitur,
677 854 744 907 qui
779 852 882 896 bona
919 843 1044 899 amisit
1081 855 1177 898 Sull.
1209 858 1274 909 14,
1304 859 1379 899 413
1417 856 1557 909 aliquis
1594 858 1814 909 patrimonii
1851 856 2071 910 naufragas.
2129 854 2212 896 Cat.
2239 855 2282 907 2,
2314 855 2381 906 11,
2409 853 2487 895 243

198 940 332 980 contra
369 934 503 977 illam
518 934 802 986 aufugian-
842 923 1004 987 eiectam
1042 944 1090 976 ac
1132 934 1368 978 debilitatam
1411 946 1580 978 manum.
1650 936 1730 978 Cat.
1774 938 1811 989 i,
1854 937 1920 988 12,
1959 937 2036 978 303
2076 936 2112 976 81
2155 933 2294 976 eodem
2335 936 2487 974 ceteros

196 1016 368 1068 nudique
394 1013 590 1057 conlectos
618 1000 826 1065 ιιιίιιζοιι
851 1012 1084 1064 adgregant.

403 1094 553 1134 lactura
579 1092 734 1144 proprie
762 1090 899 1132 dicitur
923 1093 964 1134 in
992 1091 1198 1145 mercibus,
1227 1102 1330 1144 quae
1357 1061 1527 1145 periculo
1555 1093 1748 1144 naufragii
1774 1092 2022 1145 impendente
2049 1093 2090 1134 in
2100 1100 2219 1133 mare
2236 1091 2488 1143 proiciuntur.

199 1163 404 1215 Translate
424 1173 486 1212 est
504 1169 701 1222 damnum,
729 1169 833 1221 quod
852 1169 954 1218 ultro5
970 1171 1164 1224 accipitur,
1183 1173 1266 1213 sive
1285 1171 1335 1213 ad
1355 1174 1480 1213 maius
1501 1171 1681 1213 damnum
1701 1170 1986 1223 depellendum,
2013 1172 2096 1213 sive
2125 1169 2175 1212 ad
2203 1169 2373 1211 fructum
2399 1178 2488 1221 per·

197 1242 428 1304 rapiendum.
475 1248 556 1290 Flu.
583 1248 624 1301 2,
655 1248 723 1301 24,
752 1250 830 1299 793
859 1247 1027 1292 18818ι88
1054 1251 1111 1291 rei
1136 1240 1340 1292 familiaris
1369 1254 1482 1292 erunt
1509 1251 1724 1302 faciundae,
1752 1249 1908 1293 labores
1924 1248 2178 1310 suscipiendi.
2225 1247 2299 1290 1111.
2320 1249 2388 1301 27,
2407 1249 2484 1290 723

197 1330 266 1382 Sp.
293 1327 474 1380 Maelius,
510 1328 577 1379 qui
613 1336 767 1369 annona
804 1318 982 1369 levanda
1003 1328 1235 1381 iacturisque
1262 1330 1321 1370 rei
1349 1328 1561 1370 familiaris.
1619 1331 1692 1370 Att.
1728 1332 1793 1381 16,
1821 1330 1862 1381 2,
1897 1331 1938 1370 13
1978 1309 2066 1370 cum
2103 1330 2214 1369 tanta
2240 1327 2293 1367 sit
2319 1336 2344 1368 a
2371 1325 2484 1368 nobis

195 1408 344 1464 laetare
369 1405 475 1449 18818
500 1405 608 1448 iuris.
663 1403 785 1448 Paulo
811 1408 903 1447 aute
932 1403 1100 1449 dixerat:
1126 1416 1215 1453 cum
1242 1398 1391 1461 videas,
1412 1398 1606 1461 'quantum
1633 1406 1683 1450 de
1710 1407 1794 1449 iure
1822 1409 1956 1449 nostro
1985 1404 2282 1449 decesserimus,
2332 1403 2413 1447 niv.
2442 1405 2485 1458 2,

201 1488 268 1541 15,
297 1488 371 1530 343
410 1484 620 1529 concedam
647 1484 723 1527 hoc
747 1474 889 1540 ipsum,
922 1486 957 1528 sl
984 1487 1056 1540 vis,
1085 1488 1159 1528 etsi
1186 1496 1375 1539 maguam.
1396 1488 1579 1529 laetare-
1608 1497 1753 1529 causae
1781 1486 1927 1540 fecero,
1956 1487 1991 1527 si
2019 1495 2265 1528 concessero.
2321 1485 2412 1526 Ace.
2446 1486 2486 1537 1,

200 1567 266 1619 12,
296 1567 373 1608 333
410 1566 578 1619 patiatur
613 1566 698 1606 eius
734 1566 811 1607 vita
849 1553 995 1618 reliqua
1025 1577 1088 1607 me
1115 1565 1218 1607 hanc
1245 1568 1390 1608 tantam
1419 1566 1603 1608 iactura-
1632 1568 1833 1608 criminum
1860 1567 2008 1616 faeere,
2045 1567 2069 1607 i.
2099 1575 2134 1606 e.
2162 1564 2325 1606 nimina
2352 1563 2393 1604 in
2421 1571 2485 1603 ac-

196 1646 398 1688 cusatione
426 1645 614 1687 omittere.
670 1643 799 1686 Plane.
829 1645 869 1697 2,
899 1648 954 1686 ti:v
985 1644 1130 1687 Plancil
1166 1645 1363 1697 dignitatis
1399 1648 1547 1688 iactura
1582 1646 1764 1688 facienda
1791 1650 1852 1687 est
1889 1645 1980 1699 (ich
2008 1654 2120 1686 muss
2146 1643 2209 1685 die
2237 1641 2383 1685 Wiirde
2412 1641 2484 1683 des

198 1724 378 1774 mannus
404 1722 504 1764 iiber
531 1723 830 1776 Bordweri'en,
865 1724 974 1766 Preis
1003 1724 1129 1774 geben
1138 1725 1170 1775 ).
1218 1724 1275 1765 lb.
1303 1725 1371 1775 22,
1400 1727 1477 1766 543
1506 1725 1580 1766 hos
1608 1726 1788 1766 iaetan-
1814 1734 1975 1766 suarum
2002 1723 2184 1775 tribuum,
2211 1732 2290 1773 quo
2317 1731 2389 1762 vos
2416 1719 2486 1761 ad·

195 1802 444 1854 iuvaremiui,
478 1801 632 1842 18818883
662 1800 820 1842 eosdem
848 1803 1046 1844 restrictos
1075 1804 1115 1843 et
1141 1805 1300 1844 tenaces
1328 1802 1480 1843 fuisse?
1533 1803 1577 1844 V.
1605 1793 1739 1854 Kopke
1778 1802 1830 1843 ad
1857 1803 1895 1843 h.
1922 1802 1948 1843 l.
2002 1801 2127 1843 Flacc.
2160 1801 2227 1852 15,
2254 1801 2332 1841 363
2372 1799 2483 1840 cuius

195 1879 428 1921 laudationis
455 1880 606 1920 iactura
634 1879 854 1930 exoptanda
882 1879 996 1921 uobis
1023 1880 1108 1921 fuit.
1159 1882 1318 1922 Servius
1345 1883 1385 1922 in
1413 1882 1518 1923 Fam.
1547 1884 1587 1933 4,
1617 1884 1658 1933 5,
1688 1884 1735 1923 43
1764 1884 1804 1922 18
1832 1883 1946 1922 88188
1973 1878 2224 1922 mulierariae
2250 1876 2422 1920 animula
2446 1878 2483 1917 si

194 1959 342 2000 iaetara
369 1957 474 1999 18818
503 1961 575 1999 est.
604 1980 655 1988 —
686 1958 849 2011 lactura,
875 1958 961 2001 fere
985 1959 1028 1999 tn
1055 1945 1208 2010 plurali
1221 1969 1398 2011 numero,
1426 1961 1571 2002 omisso
1601 1962 1769 2011 genitivo
1790 1959 1941 2012 obiecti,
1970 1960 2028 2001 rei
2055 1936 2273 2009 familiaris,
2300 1957 2484 2008 pecunia·

192 2047 280 2079 rum
307 2029 499 2088 signifieat
526 2040 718 2090 sumptus,
747 2039 789 2079 ut
817 2035 921 2079 Cael.
951 2038 1020 2091 16,
1046 2038 1122 2080 383
1165 2036 1259 2080 88111
1284 2041 1475 2092 sumptus,
1503 2037 1607 2081 nulla
1635 2039 1795 2091 iactura,
1821 2037 1928 2080 nulla
1955 2046 2129 2080 versura.
2181 2034 2305 2079 Flaec.
2330 2036 2374 2087 5,
2408 2035 2482 2077 133

196 2125 301 2169 quae
329 2115 499 2157 iactura!
528 2116 594 2168 qui
622 2117 820 2168 sumptus!
850 2115 994 2168 quanta
1024 2115 1193 2168 largitio!
1241 2117 1314 2159 Att.
1344 2119 1385 2170 6,
1417 2118 1455 2170 1,
1484 2117 1532 2159 23
1560 2117 1624 2160 1110
1651 2119 1867 2171 imperante
1894 2116 2125 2160 exhaustam
2143 2125 2235 2159 8888
2262 2113 2482 2168 sumptibus

134 2252 138 2258 .
196 2199 235 2237 et
254 2194 419 2237 laetari·
446 2195 691 2250 provinciam.
750 2194 844 2248 imp.
873 2194 1006 2248 Pomp.
1036 2195 1104 2250 23,
1135 2197 1209 2238 673
1250 2195 1391 2249 quibus
1424 2189 1583 2255 laetaris
1620 2196 1911 2250 proficiscantur
1948 2198 1989 2239 in
2022 2196 2253 2251 provincias.
2308 2191 2384 2237 Ati.
2416 2195 2482 2248 13,

197 2275 264 2327 13,
298 2276 341 2315 13
371 2278 413 2315 tu
439 2273 544 2315 illam
573 2273 756 2316 iactara-
785 2274 892 2316 feres
920 2284 1047 2327 aequo
1076 2277 1220 2329 auimo,
1249 2276 1352 2328 quod
1380 2276 1460 2330 illa,
1489 2287 1591 2329 quae
1619 2276 1744 2319 habes
1771 2276 1821 2319 de
1841 2276 2096 2329 Academicis,
2123 2274 2270 2316 frustra
2288 2274 2483 2327 descripta

192 2357 296 2398 sunt.
343 2352 490 2394 Cluent.
511 2355 552 2421 8,
581 2352 653 2394 233
689 2354 832 2405 ipsum,
860 2362 1108 2406 nonmagna
1138 2355 1282 2396 laet-ra
1309 2355 1420 2406 taeta,
1449 2355 1658 2397 tollendum
1683 2354 2067 2407 interficiendumque
2095 2355 2252 2395 curavit.
2299 2355 2372 2395 Ati.
2412 2354 2479 2406 12,

192 2433 262 2485 29,
290 2433 339 2473 23
378 2434 414 2472 81
442 2441 520 2484 qua
549 2433 666 2473 etiam
694 2432 838 2474 laet-ra
864 2433 1044 2475 iacienda
1071 2435 1123 2474 sit
1148 2435 1189 2475 1ιι
1215 2434 1559 2486 repraesentando.
1614 2436 1689 2480 Att.
1719 2437 1760 2487 4,
1797 2437 1862 2487 17,
1894 2435 1939 2476 23
1978 2434 2044 2475 hic
2069 2435 2216 2486 Appius
2242 2437 2329 2475 erat
2353 2432 2478 2475 idem:

191 2510 288 2553 nihil
314 2520 413 2553 saue
439 2510 647 2553 luciane.
677 2510 720 2559 Q.
747 2512 796 2553 fr.
825 2514 866 2564 3,
896 2515 937 2565 8,
970 2514 1016 2554 13
1054 2512 1166 2565 plura
1194 2516 1388 2565 ponuntur
1413 2515 1453 2555 iu
1481 2524 1552 2566 spe
1581 2524 1698 2566 quam
1725 2516 1766 2556 iu
1793 2515 1994 2567 pecuniis,
2029 2513 2180 2566 reliqua
2215 2513 2269 2556 ad
2293 2514 2481 2557 iactara-

170 2591 398 2631 ‘struentun
428 2609 484 2623 -ω

370 2667 581 2710 lla-seare
608 2667 915 2718 (Seekrauklieit
942 2668 1095 2720 haben)
1124 2670 1281 2711 omnino
1308 2671 1501 2721 siguificat
1527 2670 1577 2711 ad
1606 2672 1790 2712 vomItum
1817 2671 2018 2724 inclinare,
2045 2673 2110 2723 (ut
2136 2681 2278 2712 aaa-aa
2305 2671 2380 2710 Λα.
2413 2672 2481 2723 14,

197 2747 261 2795 10,
284 2747 331 2785 23
361 2744 501 2785 niuea
520 2747 650 2785 iamne
670 2746 786 2796 plane
804 2746 918 2796 abiit)
947 2746 1045 2787 Phil.
1065 2751 1135 2800 34,
1156 2751 1229 2789 843
1260 2749 1375 2789 modo
1394 2759 1445 2788 ne
1463 2754 1632 2797 nauseet,
1659 2750 1792 2800 faciat,
1819 2749 1923 2800 quod
1952 2751 1990 2789 in
2019 2751 2168 2800 porticu
2186 2750 2349 2788 Hinucia
2376 2749 2481 2789 fecit.

190 2821 299 2864 Fam.
330 2823 396 2874 12,
426 2822 495 2875 25,
523 2824 571 2864 43
608 2832 723 2874 quem
752 2833 827 2874 ego
855 2827 1071 2866 ructantem
1098 2829 1138 2866 et
1166 2815 1407 2868 aum-te-
1444 2827 1590 2867 conieci
1623 2827 1665 2867 ln
1693 2826 1875 2868 Caesaris
1904 2826 2100 2873 Octaviani
2127 2825 2280 2879 plagas.
2326 2825 2481 2868 Transi,

191 2898 237 2941 N.
256 2896 310 2941 l).
342 2885 476 2953 isat),
505 2901 579 2941 84:
616 2909 735 2952 quam
762 2899 906 2942 bellum
934 2904 1020 2944 erat
1046 2902 1219 2945 confiteri
1244 2904 1384 2957 potius·
1401 2904 1576 2958 nesure,
1612 2903 1717 2956 quod
1754 2904 1953 2957 nescires,
1989 2913 2107 2956 quam
2135 2904 2212 2946 ista
2239 2901 2480 2947 effutientem

190 2989 373 3020 ιιιιιιιι
400 2980 518 3030 atque
545 2979 672 3031 ipsum
700 2977 776 3021 sibi
802 2978 1036 3033 displicere?
1080 2981 1124 3024 V.
1154 2981 1330 3025 Doederl.
1360 2993 1445 3033 syn.
1473 2984 1516 3037 4,
1547 2984 1639 3025 185.
1668 3006 1722 3013 -
1757 2983 1869 3025 Ducit
1895 2982 1990 3026 ordo
2017 2983 2289 3038 disputationis
2315 2993 2389 3027 nos
2418 2994 2481 3037 eo,

188 3060 232 3098 ut
266 3057 315 3098 de
351 3059 401 3098 iis
434 3057 633 3100 vocabulis
668 3059 895 3115 disseratur,
923 3044 1026 3114 «pirae
1054 3071 1079 3103 a
1107 3063 1195 3103 navi
1222 3063 1331 3116 ipsa,
1374 3064 1459 3104 eius
1496 3061 1694 3117 partibus,
1735 3061 1903 3115 denique
1946 3063 1982 3104 ι
2006 3073 2194 3116 prospera
2232 3064 2479 3115 navigatione

126 3156 131 3167 ι
186 3138 280 3178 suut
305 3134 431 3179 ducta.

368 3224 377 3234 '
2073 3225 2100 3264 3
