2895 3851
1535 307 1604 368 14

1450 384 1462 392 ι
1513 384 1568 392 ,mv-
1575 384 1675 392 amens.
1683 385 1693 391 x

602 443 724 483 Turb·
754 442 931 482 similiter
962 442 1010 482 de
1040 444 1176 492 quavis
1216 442 1446 484 calamitate.
1506 443 1548 483 V.
1579 454 1611 484 s.
1644 444 1750 485 Cael.
1782 444 1860 494 32,
1900 445 1954 485 79
1989 456 2022 485 3.
2050 457 2085 487 v.
2115 447 2345 495 tempestas.
2404 445 2550 487 Deinde
2580 430 2629 487 de
2659 448 2716 487 111-

322 558 326 562 ,
400 520 586 562 1111111111113
618 520 793 562 civilibus
821 520 901 561 Pis.
934 523 974 570 9,
1005 521 1081 560 20:
1122 522 1188 570 qui
1217 522 1256 559 in
1288 522 1467 561 maximis
1497 522 1716 563 turbinibus
1746 531 1793 562 ac
1823 523 2000 563 fluetibus
2029 525 2126 573 reip.
2167 534 2295 563 nave·
2334 523 2601 574 gubernassem
2638 522 2716 563 sal-

397 608 564 649 vamque
603 600 643 640 in
687 603 798 652 port·
838 598 1103 640 collocassem.
1149 622 1200 628 —-
1249 598 1303 639 De
1342 598 1563 640 bominibus
1601 599 1799 640 seditiosis
1840 608 1887 640 ac
1925 599 2156 641 turbulentis
2192 600 2235 640 V.
2266 599 2373 642 Dom.
2404 601 2474 653 53,
2508 602 2588 642 137
2617 611 2648 641 s.
2678 611 2713 640 r.

398 680 627 730 tempestaS.
685 676 790 718 Sest.
824 678 890 729 11,
921 677 996 718 25:
1026 675 1081 716 illi
1112 673 1186 716 duo
1217 677 1312 728 reip.
1341 677 1512 717 turbines
1543 677 1750 728 (Gabinius
1780 682 1818 717 et
1847 677 1972 727 Piso).
2002 699 2055 705 -

488 802 531 851 2.
599 800 802 861 Fluctua,
836 799 1078 860 fluctuare,
1111 802 1280 861 aestuS,
1316 803 1543 861 aestuare,
1578 800 1843 861 absorbere,
1876 816 2063 865 gurgeS‚
2097 800 2402 866 ingurgitare,
2438 815 2626 865 vorago.

589 913 735 954 ‘luctus
757 911 807 953 ad
828 911 988 963 quodvis
1009 911 1235 964 periculum,
1251 913 1438 964 imprimis
1459 914 1553 965 reip.
1574 913 1752 953 refertur.
1783 913 1877 953 Cum
1899 917 2130 965 tempestate
2151 915 2393 954 coniunctum
2414 918 2493 953 est:
2517 913 2620 953 Sest.
2637 915 2707 965 34,

400 995 467 1034 73.
497 991 591 1032 Vide
610 1001 730 1042 supra
749 991 822 1030 Mil.
844 992 885 1041 2,
906 992 944 1030 5.
982 990 1085 1029 Sest.
1106 992 1145 1040 3,
1168 992 1215 1028 ⁷:
1246 990 1425 1030 fluctibus
1446 994 1563 1042 reisp.
1586 991 1802 1042 expulsum.
1842 992 1946 1031 Sest.
1967 995 2035 1043 46,
2058 995 2134 1032 99:
2155 994 2195 1031 111
2214 1003 2296 1042 rep.
2317 993 2448 1031 luctus
2477 992 2706 1041 excltantur,

395 1073 436 1110 ut
450 1070 685 1118 vigilandum
704 1071 755 1109 sit
775 1070 846 1119 eis,
869 1069 933 1118 qui
953 1067 1028 1107 sibi
1048 1068 1302 1119 gubernacula
1322 1070 1471 1118 patriae
1493 1068 1815 1120 depoposcerunt,
1844 1069 2145 1120 enitendumque
2166 1073 2206 1109 ut
2225 1074 2356 1110 tenere
2375 1080 2523 1110 cursa·
2543 1072 2705 1120 possent

362 1124 434 1188 ''et
462 1157 605 1198 capere
625 1148 691 1187 otii
719 1146 824 1186 illum
846 1151 994 1197 portum
1017 1151 1055 1185 et
1075 1144 1286 1194 dignitatis.
1329 1145 1377 1185 de
1398 1145 1459 1185 Or.
1496 1149 1531 1197 i,
1560 1149 1594 1195 i,
1616 1147 1664 1186 3:
1696 1146 1770 1187 boc
1789 1150 1941 1198 tempus
1962 1157 2077 1187 omne
2106 1150 2194 1198 post
2222 1146 2463 1188 consulatum
2494 1145 2706 1187 obiecimus

391 1231 441 1270 iis
462 1229 649 1275 lluetibns,
679 1226 745 1276 qui
772 1235 843 1276 per
870 1234 944 1265 nos
975 1233 998 1264 a
1027 1225 1219 1264 communi
1249 1228 1359 1275 peste
1390 1224 1540 1276 depulsi
1571 1226 1791 1286 in‘osmet
1820 1225 1929 1276 ipsos
1959 1223 2229 1265 redundarent.
2275 1227 2349 1265 Ait.
2375 1227 2410 1277 l,
2437 1227 2501 1277 18,
2524 1226 2570 1265 8:
2601 1233 2704 1264 nuuc

390 1306 515 1358 vides,
544 1304 686 1356 quibus
716 1304 892 1344 fluetibus
921 1303 1104 1342 iactemur
1132 1303 1156 1341 i.
1189 1312 1222 1341 3.
1254 1311 1371 1352 quam
1402 1302 1644 1343 turbulentus
1675 1305 1725 1342 sit
1753 1304 1848 1354 reip.
1878 1306 2016 1342 status.
2072 1302 2154 1343 Vid.
2184 1313 2292 1354 supr.
2320 1303 2398 1343 Pis.
2429 1305 2470 1355 9,
2491 1304 2557 1343 20.
2602 1302 2704 1342 Sest.

396 1389 438 1439 9,
469 1386 545 1426 20:
585 1385 673 1433 quis
703 1382 846 1421 clarum
874 1381 970 1420 tanti
1000 1381 1149 1429 imperii
1179 1384 1314 1420 tenere
1345 1385 1383 1420 et
1412 1381 1664 1431 gubernacula
1692 1383 1786 1431 reip.
1817 1385 1984 1421 tractare
2013 1382 2052 1420 in
2091 1383 2259 1421 maximo
2300 1393 2409 1421 cursu
2448 1391 2495 1420 ac
2533 1380 2705 1420 fluetibus

393 1475 513 1517 posse
543 1461 804 1502 arbitraretur.
863 1458 986 1498 Flacc.
1013 1458 1081 1507 21,
1112 1460 1189 1498 57;
1232 1463 1399 1507 quantos
1440 1460 1570 1499 fluctus
1602 1461 1759 1499 excitari
1798 1461 1837 1498 in
1878 1458 2120 1499 contionibus
2150 1458 2300 1499 videtiS.
2359 1459 2468 1500 Prov.
2500 1468 2605 1500 cons,
2639 1460 2705 1509 16,

396 1546 470 1583 39;
510 1541 688 1580 11011ιί1133
726 1537 775 1576 ab
814 1536 931 1575 buius
970 1535 1116 1575 ordinis
1157 1537 1425 1576 coniunctione
1466 1536 1614 1586 depulsi
1655 1548 1703 1576 ex
1733 1537 1808 1577 hoc
1836 1541 1948 1588 portu
1978 1538 2023 1586 (i.
2055 1548 2088 1577 e.
2120 1538 2281 1587 senatu)
2311 1548 2355 1576 se
2383 1538 2423 1577 in
2452 1536 2538 1578 illos
2568 1537 2701 1577 fluetus

394 1616 659 1670 (contionum)
689 1613 943 1655 contulerunt.
1002 1611 1203 1651 Simillime
1234 1612 1362 1651 Planc.
1394 1615 1433 1662 6,
1470 1615 1540 1653 15:
1581 1613 1669 1653 illae
1700 1615 1823 1653 undae
1855 1615 2105 1654 comitiorum.
2164 1613 2234 1660 Qui
2264 1615 2297 1653 si
2327 1624 2376 1654 ex
2403 1613 2468 1654 illa
2497 1614 2701 1654 iactatione

395 1708 583 1748 cursuque
610 1692 787 1745 populari
816 1691 990 1731 referunt
1021 1693 1222 1741 aspectum
1250 1691 1289 1729 iu
1321 1691 1465 1730 curiam
1497 1722 1505 1730 .
1537 1723 1545 1730 .
1578 1722 1587 1730 .
1619 1692 1689 1730 Att.
1721 1694 1760 1742 8,
1790 1693 1828 1741 3,
1860 1694 1908 1732 5:
1949 1696 1988 1731 ut
2024 1692 2102 1731 iam
2141 1690 2302 1742 placatis
2333 1695 2485 1732 utamur
2515 1677 2699 1732 fluctibus.

391 1776 446 1816 De
476 1774 563 1815 aliis
591 1769 773 1824 periculis
795 1769 891 1810 Phil.
918 1770 983 1821 13,
1014 1770 1053 1820 9,
1087 1769 1162 1808 2οε
1195 1769 1310 1808 1011113
1342 1768 1431 1808 113111
1453 1769 1626 1808 fluctibus
1649 1771 1849 1809 circumiri.
1882 1770 1969 1809 liar.
1991 1780 2094 1820 resp.
2117 1771 2183 1819 23,
2207 1771 2283 1810 48;
2316 1779 2517 1819 emergere
2538 1771 2701 1810 auctori-

391 1858 510 1894 tatem
538 1853 709 1891 vestram
741 1859 761 1887 e
791 1847 966 1887 fluctibus
996 1846 1071 1886 illis
1091 1847 1299 1885 servitutis.
1345 1846 1421 1885 Pis.
1444 1848 1511 1897 29,
1534 1847 1608 1886 72:
1640 1847 1739 1886 haec
1768 1857 1832 1886 res
1863 1847 1930 1886 tibi
1959 1848 2097 1887 fluctus
2126 1848 2211 1887 illos
2242 1849 2430 1887 excitavit.
2477 1847 2600 1887 Flacc.
2631 1849 2699 1898 26,

399 1934 475 1972 63:
506 1929 692 1979 Massilia,
723 1938 810 1966 cum
840 1927 963 1965 cincta
993 1923 1187 1964 Gallorum
1218 1923 1399 1973 gentibus
1429 1924 1633 1964 barbariae
1663 1926 1834 1966 fluetibus
1865 1924 2054 1965 adluatur.
2113 1926 2154 1965 ln
2185 1926 2371 1975 singulari
2400 1936 2581 1966 numero:
2627 1926 2700 1966 Att.

398 2012 438 2060 7,
473 2011 538 2059 11,
569 2010 616 2048 3:
657 2007 810 2046 fluctum
851 2005 969 2044 totius
997 2002 1203 2042 barbariae
1233 2002 1337 2042 ferre
1367 2002 1459 2041 urbs
1496 2013 1571 2042 una
1601 2014 1676 2042 non
1707 2008 1869 2053 poterat.
1929 2003 1985 2042 Cf.
2017 2003 2058 2049 Q.
2088 2003 2134 2043 fr.
2177 2006 2223 2055 1,
2259 2007 2301 2054 1,
2341 2006 2388 2044 4:
2430 2013 2525 2053 rogo
2570 2013 2619 2043 ne
2663 2008 2700 2043 te

393 2086 529 2136 obrui,
558 2089 756 2133 tamquam
785 2082 923 2132 fluctu,
953 2081 1012 2120 sic
1040 2079 1304 2129 magnitudine
1337 2082 1481 2129 negotii
1512 2082 1619 2119 sinas
1649 2085 1686 2119 et
1716 2081 1820 2119 Fam.
1850 2084 1889 2131 9,
1925 2083 1989 2131 16,
2021 2083 2067 2120 6:
2108 2080 2303 2121 fortunam
2340 2081 2463 2121 levem
2503 2087 2541 2121 et
2577 2081 2698 2121 imbe-

392 2164 519 2204 cillam
549 2162 598 2201 ab
629 2163 758 2200 animo
787 2160 897 2199 firmo
929 2162 966 2198 et
994 2159 1102 2207 gravi
1131 2161 1328 2207 tamquam
1358 2159 1508 2197 fluctum
1537 2171 1558 2197 a
1588 2171 1674 2197 saxo
1706 2159 1845 2209 frangi.

596 2239 809 2285 fluctuare,
850 2235 953 2287 quod
983 2236 1137 2286 proprie
1169 2238 1248 2273 tum
1285 2236 1322 2272 in
1353 2236 1449 2273 mari
1480 2236 1601 2273 ventis
1632 2237 1775 2284 agitato
1816 2240 1894 2274 tum
1925 2237 1963 2274 in
1992 2235 2211 2275 hominibus
2252 2234 2311 2274 vel
2339 2234 2502 2275 navibus
2530 2235 2570 2273 111
2600 2236 2698 2273 mari

386 2315 626 2358 fluitantibus
656 2316 814 2364 dicitur,
854 2314 1021 2353 refertur
1052 2312 1100 2352 ad
1132 2314 1345 2352 orationem
1375 2312 1622 2361 dissolutam,
1664 2316 1703 2351 ut
1740 2311 1801 2351 Or.
1833 2314 1901 2362 58,
1936 2314 2036 2352 195:
2086 2314 2211 2353 omnis
2247 2323 2320 2352 nec
2362 2311 2584 2352 claudicans
2624 2321 2697 2350 1133

394 2396 509 2445 quasi
528 2394 711 2433 fluctuans
742 2397 779 2432 31
809 2391 1025 2441 aequaliter
1046 2395 1344 2440 constanterque
1373 2390 1596 2439 ingrediens
1624 2400 1833 2430 numerosa
1869 2390 2033 2430 babetur
2062 2392 2196 2431 oratio.
2242 2388 2337 2430 Vide
2368 2399 2469 2441 quae
2495 2390 2695 2429 Ernestius

394 2471 473 2512 lex.
493 2470 620 2511 tecbn.
641 2470 705 2510 lat.
725 2469 862 2520 rhetp.
887 2470 966 2509 178
988 2468 1035 2508 (13
1056 2468 1131 2508 bac
1148 2478 1191 2507 re
1213 2468 1408 2519 copiosius
1430 2467 1647 2518 disputavit.
1664 2489 1715 2495 —
1740 2467 1886 2507 Deinde
1915 2468 2100 2507 fluctuare
2130 2472 2188 2507 est
2217 2468 2414 2508 bominum
2446 2467 2700 2507 dubitantium

393 2548 485 2600 quid
512 2552 686 2589 statuant
716 2551 753 2587 et
782 2558 912 2587 rerum
940 2548 1186 2587 incertarum.
1246 2546 1435 2585 Incertum
1467 2550 1549 2596 est,
1591 2551 1715 2585 utrum
1755 2546 1982 2598 metaphora
2022 2556 2044 2585 a
2083 2547 2179 2585 mari
2219 2547 2364 2596 agitato
2400 2556 2450 2585 an
2490 2556 2513 2585 a
2542 2548 2630 2585 navi
2659 2547 2697 2585 in

392 2627 470 2667 alto
499 2627 576 2666 buc
602 2626 695 2665 illuc
723 2626 905 2665 fluctante
935 2624 1145 2663 derivanda
1175 2625 1236 2662 sit.
1296 2624 1416 2662 Acad.
1446 2635 1502 2673 pr.
1534 2625 1573 2671 2,
1603 2626 1644 2673 9,
1675 2624 1750 2665 29:
1802 2635 1878 2664 non
1908 2623 2049 2664 debere
2081 2624 2330 2665 Academicos
2358 2626 2398 2664 in
2427 2635 2499 2664 suo
2531 2621 2698 2673 decreto,

393 2705 493 2743 sicut
532 2705 571 2742 in
616 2704 756 2742 ceteris
786 2702 918 2752 rebus,
959 2702 1164 2741 fluet-ari?²
1222 2703 1293 2740 Att.
1329 2704 1364 2750 1,
1396 2702 1463 2751 20,
1496 2702 1541 2741 2;
1583 2701 1750 2742 hominis
1780 2703 2015 2742 fluctuantem
2046 2703 2278 2743 sententiam
2310 2701 2613 2742 confirmassem.
2644 2724 2695 2731 —

391 2782 465 2821 Att.
497 2781 538 2833 2,
572 2781 638 2831 12,
668 2781 713 2820 3:
753 2782 834 2820 tota
861 2789 926 2819 res
957 2781 1073 2820 etiam
1101 2789 1203 2820 nunc
1234 2779 1402 2820 fluctuat.

593 2857 649 2897 Ab
690 2856 752 2895 bis
790 2856 1033 2906 seiungenda
1073 2867 1149 2896 non
1188 2862 1281 2897 sunt
1317 2857 1504 2897 vocabula
1540 2861 1665 2896 aestus
1705 2861 1743 2896 et
1780 2859 1987 2897 aestuandi.
2045 2859 2173 2898 Aestus
2201 2859 2356 2908 proprie
2384 2858 2424 2897 in
2453 2858 2565 2907 aquis
2594 2867 2697 2908 quae

389 2938 470 2985 igni
508 2935 683 2976 subiecto
723 2935 875 2975 fervent
914 2941 952 2974 et
991 2935 1177 2975 ebulliunt
1215 2936 1361 2975 dicitur.
1419 2935 1514 2975 Hinc
1552 2940 1713 2986 propter
1752 2934 2038 2975 similitudinem
2073 2935 2251 2976 fluctibus
2287 2939 2399 2976 vento
2437 2936 2591 2984 agitatis
2631 2936 2695 2975 tri-

389 3013 520 3055 buitur
549 3013 623 3065 (cf.
653 3017 852 3055 nostrum:
882 3012 1130 3064 Brandung).
1191 3012 1396 3054 Translate
1427 3017 1487 3053 est
1515 3013 1684 3065 impetus
1715 3013 1832 3053 animi
1863 3012 2038 3065 quidam,
2077 3015 2144 3065 qui
2172 3023 2244 3055 nos
2276 3012 2403 3065 aliquo
2431 3014 2530 3065 rapit
2561 3015 2598 3053 et
2626 3013 2696 3052 im-

388 3092 518 3144 pellit,
547 3096 588 3134 ut
617 3091 760 3143 aliquid
792 3102 969 3142 agamus.
1031 3090 1084 3131 De
1105 3090 1166 3131 Or.
1195 3093 1234 3144 3,
1257 3093 1324 3143 36,
1365 3093 1465 3132 145;
1507 3102 1583 3143 quo
1614 3101 1700 3131 cum
1732 3092 1905 3131 oratione
1934 3093 2135 3140 ingressus
2166 3102 2294 3142 esses,
2323 3096 2484 3143 repente
2513 3095 2551 3133 te
2581 3093 2697 3142 quasi

387 3170 543 3220 quidam
574 3175 701 3211 aestus
731 3172 878 3220 ingenii
907 3171 961 3212 tui
981 3168 1115 3222 procul
1145 3179 1167 3208 a
1190 3174 1292 3209 terra
1311 3172 1482 3224 abripuit
1513 3175 1630 3221 atque
1660 3171 1698 3209 in
1725 3169 1840 3209 altum
1862 3179 1885 3208 a
1907 3174 2116 3221 conspectu
2136 3180 2262 3222 paene
2284 3172 2460 3221 [omnium
2493 3170 2695 3210 abstraxit.
