2895 3852
1284 306 1364 373 25.

9 428 35 468 s
175 444 416 500 cumdum·
439 445 482 487 in
517 444 774 501 annularem-
774 445 935 507 qnasi
930 445 1176 491 muri-
1206 406 1298 497 (stt.v
1317 446 1464 497 equus)
1500 444 1553 487 i·
1573 444 1850 498 quadrigaru-
1890 443 2119 486 unicala-
2155 404 2368 486 incurren.
2422 440 2471 482 V.

178 522 356 577 παφα.
383 521 455 566 ad
460 521 501 566 li.
528 522 555 565 i.
577 543 636 556 —
659 521 851 577 Imprimis
879 497 938 565 de
956 524 1086 580 spatio
1111 524 1251 570 vitae.
1264 522 1362 566 Tim.
1395 522 1467 567 12·
1495 523 1564 577 qul
1590 525 1696 566 recte
1723 525 1842 578 atque
1869 520 2038 565 honeste
2063 521 2297 569 arida-
2318 519 2474 565 vivendi

128 627 131 630 <
169 614 218 646 a
225 598 380 663 natura
412 602 549 647 danim
586 602 820 644 confecerit.-
864 600 959 648 Rab.
986 602 1096 656 perdz
1129 604 1199 656 16,-
1233 604 1321 644 8ος.
1351 604 1561 655 exiguum
1570 602 1689 644 nobis
1726 604 1830 643 vitae
1867 601 2099 643 curricula-
2136 605 2275 642 natura
2310 603 2476 643 drean-

176 683 353 734 soeipsii,
376 681 613 747 immensum
639 680 809 743 gloriae.
863 680 938 728 Cf
952 680 1077 722 simin
1105 681 1329 734 exemplum
1356 691 1482 733 supra
1505 680 1664 722 allatum
1691 681 1797 721 Sest.
1828 681 1899 733 21,
1928 681 1985 721 47
2012 691 2048 720 v.
2075 689 2228 720 cursus.
2287 678 2475 721 sumtu

127 773 131 777 ·
176 758 304 807 Aren.
314 760 382 814 11,
406 758 484 801 28ε
512 756 636 814 gloria
665 757 851 813 detracta,
878 758 968 826 quid
998 763 1060 802 est
1086 758 1192 813 quod
1213 760 1260 801 in
1286 758 1363 801 boc
1389 763 1473 802 tan
1498 747 1641 811 exiguo
1667 760 1770 801 vitae
1798 758 1991 801 curriculo
2020 758 2138 802 tantis
2164 768 2238 801 nos
2265 758 2307 799 in
2333 755 2476 800 labori-

165 830 252 883 -bus
281 837 564 882 exerceamus?
617 837 708 880 Ace.
735 839 778 892 2,
806 839 876 892 78,
908 839 1026 881 ivo:-
1049 840 1085 881 si
1120 850 1174 881 nc
1209 829 1410 881 minimum
1447 837 1605 891 quidem
1642 837 1691 879 de
1728 848 1816 880 meo
1856 837 2048 880 utriculo
2075 838 2198 891 vitae,
2235 836 2340 891 quod
2378 836 2474 879 milii

89 911 130 924 ’“
176 927 335 971 semper
360 901 602 971 propositum
627 916 721 971 ιιιὶι,
749 899 972 961 decessero.
1025 917 1141 960 Marc.
1172 920 1212 971 1,
1238 918 1285 959 2:
1319 917 1471 959 versari
1494 928 1558 958 me
1586 917 1626 958 in
1655 921 1788 959 nostm
1815 920 1948 959 vetere
1976 916 2182 959 amnis.
2212 939 2267 946 —

343 996 549 1050 Saepius
585 996 748 1050 spatia-
786 1006 875 1038 cum
909 996 1095 1040 curriculo
1132 998 1377 1040 coniunctum
1414 997 1607 1049 reperitur
1642 1000 1684 1038 ιιι
1720 995 1824 1037 Laei.
1867 997 1934 1049 12,
1972 997 2065 1050 40,
2062 993 2178 1038 Bab.
2214 994 2324 1049 perd.
2354 996 2396 1048 2,
2434 998 2474 1038 6.

126 1112 129 1115 ,
178 1077 276 1132 ¹Cum
302 1088 413 1118 cursu
441 1077 685 1118 coniunctum
714 1078 776 1116 est
802 1076 908 1116 Brut.
926 1076 996 1127 90,
1025 1077 1122 1129 807,
1149 1075 1203 1116 de
1220 1074 1294 1116 .0r.
1323 1077 1365 1127 8,
1394 1075 1435 1127 2,
1464 1077 1513 1116 7ε
1541 1084 1645 1126 quae
1671 1077 1942 1118 contentiones
1970 1076 2009 1115 in
2037 1075 2166 1117 medio
2195 1075 2323 1128 spatio
2350 1084 2474 1127 saepe

177 1155 411 1207 tranguntur
447 1157 488 1195 et
523 1157 707 1195 corruunt
736 1157 817 1195 etc.
876 1153 991 1195 Arch.
1034 1157 1100 1207 11,
1139 1155 1216 1196 29.
1206 1166 1217 1176 ·
1255 1153 1396 1205 quibus
1434 1152 1659 1203 regionibns
1695 1154 1798 1194 vitae
1834 1154 1995 1205 αμιιιι
2033 1154 2364 1205 circumscriptum
2401 1156 2475 1195 est.

180 1233 243 1276 Cf
268 1233 527 1286 Cabm.23‚·
556 1232 802 1275 83lnstav.
830 1230 1011 1274 calx.—

362 1312 429 1353 Ut
455 1323 626 1353 meere·
651 1310 762 1353 locus
790 1312 832 1353 in
859 1313 959 1372 circo
988 1314 1070 1365 est,
1097 1311 1203 1353 unde
1230 1320 1368 1352 cursus
1396 1281 1545 1351 initium
1573 1312 1655 1362 est,
1690 1311 1749 1351 sic
1776 1310 1859 1351 calx
1886 1309 1996 1351 locus
2023 1311 2065 1351 in
2091 1311 2220 1363 circo,
2247 1310 2354 1353 calce
2382 1310 2474 1354 olim

177 1392 348 1445 notatus,
374 1391 465 1441 post
491 1392 612 1443 creta,
641 1389 708 1432 ubi
735 1399 853 1432 cursu
879 1392 1016 1431 exacto
1043 1390 1163 1431 victor
1186 1387 1426 1431 consistebat
1454 1390 1493 1429 et
1518 1389 1731 1439 praemium
1760 1387 1988 1441 acdpiebat.
2043 1387 2154 1430 Unde
2180 1387 2259 1430 liae
2280 1388 2476 1432 formulae

178 1471 270 1510 sunt
298 1468 457 1510 ductae·
484 1467 601 1509 Tusc.
634 1469 989 1521 1‚8,15:nunc
1014 1467 1127 1508 video
1154 1467 1309 1518 cdccn,
1336 1466 1477 1519 (intell.
1496 1466 1695 1519 mortem),
1724 1465 1774 1506 ad
1802 1475 1920 1518 quam
1950 1476 2037 1508 cum
2065 1468 2116 1508 sit
2143 1468 2353 1518 demean,
2381 1466 2479 1510 nibil

180 1547 232 1587 sit
258 1549 463 1598 praeterea
491 1546 833 1595 extimescendum.
889 1529 993 1589 Lael.
1022 1546 1226 1598 27,101;
1265 1545 1475 1608 optandum
1505 1548 1588 1597 est,
1621 1549 1663 1584 ut
1689 1555 1777 1586 cum
1804 1544 2036 1597 aequalibus
2062 1547 2216 1603 possis,
2244 1544 2477 1597 quibuscum

179 1627 377 1676 tamquam
406 1634 430 1666 e
457 1624 674 1667 carceribus
701 1625 871 1666 emissus
899 1625 978 1677 sis,
1014 1635 1103 1666 cum
1135 1623 1261 1666 isdem
1288 1623 1338 1665 ad
1368 1624 1532 1676 calcem,
1571 1626 1612 1664 ut
1640 1621 1797 1676 dicitur,
1833 1624 2050 1675 pervenire.
2105 1623 2190 1665 Cat.
2215 1634 2269 1665 ιιι.
2299 1624 2369 1676 28,
2398 1625 2477 1667 88.

178 1712 254 1745 nec
278 1712 371 1746 vero
399 1700 515 1747 velim
541 1704 655 1755 quasi
683 1703 841 1745 decurso
868 1703 993 1756 spatis
1022 1701 1073 1764 ad
1101 1714 1273 1745 carceres
1303 1713 1326 1744 a
1354 1703 1462 1745 calce
1489 1704 1661 1745 revocari
1689 1702 1783 1754 (das
1804 1702 1935 1745 Leben
1963 1713 2038 1746 von
2070 1701 2218 1744 Neuem
2247 1701 2477 1755 beginnen).

179 1779 332 1833 Fragm.
348 1792 411 1834 ap.
426 1781 567 1823 senec.
588 1793 650 1834 ep.
674 1782 777 1824 108:
801 1783 986 1834 quoniam
1004 1793 1139 1824 sumus
1159 1781 1208 1823 ab
1229 1784 1316 1834 ipsa
1335 1783 1441 1824 caicc
1461 1784 1546 1824 eius
1566 1784 1642 1833 (sc.
1663 1782 1953 1833 disputationis)
1974 1781 2282 1832 interpellatione
2294 1784 2477 1824 revocati.

383 1859 466 1902 Huc
490 1861 659 1913 pertinet
685 1871 841 1913 quoque
869 1861 986 1911 linos,
1016 1861 1120 1912 quod
1148 1859 1377 1903 vocabulum
1404 1860 1590 1902 translate
1617 1864 1826 1912 usurpatur
1852 1860 1992 1902 Parad.
2011 1862 2053 1912 8,
2082 1863 2121 1912 1,
2149 1845 2226 1902 2οε
2255 1862 2293 1902 si
2319 1860 2477 1911 quidem

179 1942 240 1979 est
268 1948 433 1990 peccare
459 1942 658 1990 tamquam
686 1941 853 1981 nansire
881 1928 1015 1983 unssm.
1072 1939 1168 1981 Nam
1198 1939 1302 1981 linea
1330 1939 1419 1980 alba
1446 1938 1656 1986 vocabatur
1683 1938 1816 1980 sulcus
1843 1942 2104 1990 transversus,
2131 1938 2240 1980 calce
2266 1941 2350 1981 sive
2370 1944 2479 1981 creta

177 2015 375 2069 impletus,
395 2020 486 2058 ante
505 2026 684 2059 carceres
704 2020 743 2059 et
763 2021 939 2059 extremo
955 2017 1083 2059 stadio
1103 2018 1253 2059 duaus.
1282 2017 1339 2058 Cf.
1362 2018 1451 2058 Hor.
1472 2018 1584 2067 epist.
1609 2019 1646 2068 1,
1670 2019 1737 2067 16,
1755 2018 1831 2057 79;
1852 2025 1957 2059 mors
1977 2016 2111 2058 iduma
2129 2017 2236 2059 lisca
2253 2026 2384 2059 rerum
2403 2021 2479 2060 est.

113 2100 122 2105 “
179 2093 326 2137 Eadem
343 2096 493 2138 milone
507 2104 531 2136 11
547 2096 895 2151 διαθάεγραμμή
909 2096 1127 2147 adhibetur,
1151 2100 1194 2138 ut
1209 2097 1295 2137 Eur.
1310 2095 1428 2137 Elect.
1444 2096 1549 2137 96⁰:
1569 2096 1668 2148 πρὶν
1685 2091 1738 2136 ἄν
1755 2094 1883 2144 πέλας
1901 2098 1941 2137 Γ
1936 2080 2099 2151 ραρμῆς
2112 2094 2263 2147 ἵκηται,
2277 2097 2348 2138 naz
2361 2096 2479 2145 τέλος

182 2171 325 2230 κάμψῃ
352 2173 460 2224 βίον.
516 2172 612 2215 Vide
640 2173 753 2225 plura
781 2159 975 2226 exempla,
1005 2184 1109 2225 quae
1128 2174 1189 2215 ad
1216 2174 1466 2215 Horatianum
1494 2173 1609 2215 modo
1636 2172 1836 2215 laudatum
1862 2173 1991 2216 locum
2020 2173 2243 2216 Schmidius
2269 2176 2479 2226 congessit.

383 2250 530 2293 Eodem
565 2254 717 2304 spectat
754 2252 889 2303 lexas,
927 2251 1032 2304 quod
1071 2251 1298 2294 vocabulum
1336 2252 1493 2305 proprie
1530 2253 1570 2293 in
1609 2250 1809 2305 curribus,
1848 2252 1916 2303 qui
1952 2252 1993 2293 in
2031 2253 2133 2295 ciroe
2173 2252 2315 2295 circum
2351 2257 2479 2295 metas

178 2329 360 2382 flectunt,
396 2330 563 2381 ponltur.
629 2330 880 2372 Transfertur
918 2330 968 2373 ad
1009 2332 1111 2372 vitae
1154 2334 1316 2373 aetates.
1388 2331 1456 2372 Sic
1497 2329 1787 2382 elegantissime
1826 2329 1930 2371 Cael.
1970 2331 2039 2383 81,
2077 2331 2155 2372 75:
2193 2332 2234 2372 in
2269 2329 2346 2373 hoc
2381 2332 2477 2374 lexa

180 2409 295 2458 quasi
332 2409 473 2449 aetatis
511 2408 613 2461 (auf
637 2408 785 2451 diesem
813 2409 1109 2462 Wendepunkte
1130 2409 1410 2461 jugendlichen
1439 2409 1590 2460 Alters)
1628 2409 1735 2450 fama
1772 2409 2032 2450 adolescentis
2069 2408 2229 2462 paulum
2266 2411 2396 2452 haesit
2427 2411 2480 2453 ad

180 2490 301 2526 metas
329 2486 466 2527 notitia
501 2490 600 2528 'nova
634 2486 806 2528 mulieris
845 2492 884 2529 et
910 2488 1053 2549 infelici
1082 2489 1274 2529 vicinitate
1303 2491 1343 2529 et
1368 2486 1575 2529 insolentia
1602 2485 1850 2540 voluptatum.
1898 2486 1955 2529 De
1981 2485 2080 2529 virili
2107 2491 2238 2530 aetate
2266 2487 2317 2531 dc
2345 2488 2408 2531 Or.
2441 2492 2479 2544 i,

185 2566 222 2616 1,
246 2563 292 2607 1:
322 2566 356 2605 si
384 2565 556 2606 infinitus
583 2564 798 2606 forensium
826 2576 957 2608 rerum
983 2565 1095 2608 labor
1122 2569 1161 2607 et
1190 2565 1409 2616 ambitionis
1437 2566 1636 2619 occupatio
1664 2566 1824 2607 decursa
1848 2565 2041 2608 honorum
2069 2561 2187 2608 etiam
2214 2568 2355 2609 aetatis
2384 2569 2480 2612 len

183 2645 422 2684 constitisset
449 2645 539 2695 (mli
567 2643 656 2685 dem
685 2645 811 2685 lliihe-
838 2646 916 2685 und
933 2630 1242 2697 'Wendepunkte
1271 2633 1342 2684 des
1370 2644 1557 2696 Lebens).
1606 2645 1663 2685 Cf.
1694 2645 1853 2685 Ellendt.
1881 2642 1933 2684 ad
1960 2645 2001 2685 h.
2026 2645 2051 2686 l.
2096 2645 2268 2691 Pertinet
2285 2646 2338 2686 ad
2356 2657 2480 2701 remp.

183 2721 279 2773 Rep.
307 2723 349 2774 2,
378 2723 447 2774 25,
476 2723 554 2764 45:
592 2722 723 2764 videre
754 2724 892 2764 itinera
920 2724 1113 2775 dex-sque
1140 2735 1270 2765 rerum
1297 2722 1551 2774 publicarum.
2255 2707 2258 2709 ’

347 2831 349 2834 ,
385 2801 592 2843 Delector-e
631 2801 817 2843 translate
854 2803 894 2843 in
931 2800 1123 2855 formula,
1162 2802 1210 2844 dc
1247 2801 1436 2843 curriculo
1474 2801 1685 2843 delectere.
1735 2801 1827 2843 Mur.
1857 2802 1926 2854 22,
1955 2804 2010 2843 46
2048 2813 2082 2843 v.
2110 2813 2144 2844 s.
2173 2814 2209 2845 v.
2237 2804 2479 2847 curriculum.

179 2877 391 2920 Praeterea
419 2877 493 2921 off.
522 2880 564 2931 2,
593 2881 632 2931 8,
660 2882 710 2921 9:
749 2881 788 2921 in
818 2882 895 2931 quo
926 2878 1087 2932 (verbo)
1116 2879 1228 2932 lapsa
1255 2878 1495 2922 consuetudo
1524 2880 1676 2921 deflexit
1705 2880 1754 2921 dc
1783 2880 1842 2921 via
1879 2881 2106 2931 sensimque
2135 2892 2183 2923 eo
2211 2881 2377 2923 deducta
2405 2886 2483 2937 est,

179 2959 222 2998 ut
250 2960 324 2998 etc.
372 2941 466 3000 Ace)
491 2959 533 3010 5,
563 2960 632 3010 68,
667 2960 768 3000 1⁷6:
802 2959 837 2999 si
865 2940 943 3009 qui}
959 2958 1148 3001 ιιιιιιιιὶιιιιι
1176 2958 1228 3001 dc'
1254 2962 1359 3000 recta
1385 2958 1544 3010 regis-c
1571 2958 1778 3000 deflexerit.
1827 2956 1870 2999 V.
1891 2957 1995 3000 Lael.
2019 2959 2085 3010 12,
2109 2960 2164 3000 40
2182 2969 2218 3001 v.
2238 2961 2481 3002 αιιτιαιιιιιιι.

178 3033 286 3077 Banu.
316 3037 357 3085 8,
388 3036 454 3087 li,
483 3034 533 3076 2:
562 3035 666 3087 quod
695 3035 744 3077 de
771 3044 943 3078 suarum,
961 3037 1157 3078 actionum
1190 3036 1302 3078 cim
1330 3037 1397 3077 tua
1426 3043 1549 3077 causa
1575 3035 1739 3078 delexit.
1786 3035 1901 3077 Rosc.
1931 3035 2038 3078 Com.
2061 3037 2128 3088 16,
2156 3037 2235 3078 46:
2263 3037 2331 3089 qui
2357 3037 2484 3081 semel

180 3120 204 3153 a
232 3114 393 3155 veritate
422 3112 583 3155 deflexit.
640 3113 729 3155 liar.
750 3122 857 3165 resp.
880 3096 946 3168 19,
975 3115 1054 3156 41;
1082 3113 1178 3156 nibil
1205 3117 1247 3155 ιιι
1275 3122 1300 3155 a
1326 3113 1448 3166 patris
1476 3114 1617 3165 avique
1646 3113 1816 3156 Africani
1844 3112 2070 3167 praestabili
2096 3114 2317 3168 insignique
2344 3115 2483 3159 virmte

181 3192 405 3237 deflexisset.
442 3193 509 3236 De
538 3194 712 3236 oratione
741 3191 857 3235 Tusc.
886 3195 927 3247 4,
943 3193 1026 3247 28,
1056 3194 1132 3237 80:
1161 3192 1234 3236 sed
1262 3191 1447 3236 adhibeat
1473 3192 1596 3235 oratio
1625 3192 1783 3236 modum
1812 3195 1853 3235 et
1880 3192 2018 3236 redeat
2044 3190 2159 3249 illuc,
2188 3193 2292 3237 unde
2319 3193 2481 3239 deflexit.

2076 3275 2104 3317 4
