2895 3852
1288 327 1399 390 Μ’

118 502 122 509 ,
168 466 259 509 ibn
278 465 491 519 haecque
520 465 650 518 vitae,
687 464 715 507 1.
743 467 781 505 ε’.
805 464 932 521 ratio
928 441 1010 513 non
1031 459 1175 508 solum,
1194 469 1272 515 per
1297 472 1351 507 sa
1381 462 1482 514 ipsa
1503 455 1714 567 splendida
1749 463 1788 502 et
1824 458 1954 502 clara
1955 456 2048 511 est,
2083 458 2158 505 scd
2194 459 2312 509 ctiam
2349 456 2479 511 splen-

135 539 1203 592 domdlsshndltvuoedoellL--m.
1331 566 1335 573 .

182 650 199 663 -.
266 647 279 663 .-
352 621 531 664 lanea
550 627 655 662 cam
652 618 721 659 u
731 620 797 670 sit,
823 618 944 669 quod
950 601 1091 661 lucem
1098 571 1306 670 Musti,
1302 564 1575 669 metaphorice
1595 621 1655 658 est
1672 621 1957 667 ornamentum,
1976 615 2112 667 deciis,
2138 614 2279 667 gloria,
2307 614 2477 665 denique

182 688 329 745 onnia
326 709 450 752 quae,
469 709 556 765 etim
575 685 832 750 quacunque
838 706 882 740 re
899 695 1114 749 excellant,
1120 695 1208 738 aliis
1226 695 1346 738 rebus
1364 695 1615 756 splendorem
1633 692 1812 739 addunt.
1831 695 1887 736 De
1905 693 2031 737 Roma
2050 698 2091 737 et
2108 693 2293 737 Corintho
2313 693 2475 736 rubibus

184 789 220 821 r.-
249 777 434 831 excrapla
455 762 575 829 supra
594 775 723 820 allata.
767 775 822 821 lie
841 779 1022 828 corpore:
1051 775 1407 827 Ν.11.1·,28,79;
1436 778 1498 817 est
1517 776 1690 826 corporis
1710 773 1863 817 macula
1880 781 2043 816 naevus.
2087 772 2242 816 Alcaeo
2248 777 2380 815 tamen
2398 772 2475 814 b‘oc

181 856 537 902 lene-‘videbam
553 868 604 886 -2-
619 855 859 907 Saepissime
874 852 1162 910 deiclarissimis
1179 842 1387 911 viris-Plut'
1412 856 1478 906 ll,
1496 854 1560 906 10,
1575 854 1652 896 24:
1673 854 1847 906 Brutum,
1865 854 1993 896 lmen
2013 860 2053 894 et
2070 852 2191 894 decus
2211 853 2387 895 civitati&
2415 852 2472 895 ib.

184 939 226 989 ⁸,
249 939 323 980 14:
342 936 470 981 lunen
486 938 529 978 et
543 933 666 977 decus
684 933 786 975 iliius
806 919 998 974 exercitus
1013 942 1140 985 paene
1157 934 1352 986 praeterii.
1380 931 1435 974 lb.
1456 933 1497 985 2,
1516 933 1586 985 22,
1606 933 1683 975 54:
1702 932 1770 975 Cn.
1790 931 2031 986 Pompeiam,
2051 932 2155 984 quod
2173 914 2325 985 imperil
2341 932 2475 984 populi

183 1015 229 1057 R.
247 1015 368 1057 decus
383 1017 578 1069 acis-en
597 1013 682 1055 t'uit.
718 1012 816 1054 Phil.
835 1013 877 1063 5,
902 1010 968 1063 14,
988 1013 1061 1053 39:
1081 1011 1280 1063 Pompeio,-
1301 1011 1407 1062 quod
1424 1013 1586 1063 imperio
1605 1022 1643 1063 p.
1662 1011 1706 1052 R.
1726 1012 1851 1053 lanea
1871 1011 1957 1064 fuit,
1976 1011 2176 1053 exsti-ae.
2203 1011 2278 1053 llll.
2303 1014 2375 1065 14,
2395 1013 2452 1053 37
2463 1025 2474 1053 :

183 1094 442 1146 Hortensium,
457 1092 605 1156 lan-en
625 1094 665 1133 et
691 1082 957 1139 ornamentum
994 1092 1087 1143 reip.
1109 1090 1239 1132 velot.
1268 1092 1311 1143 5,
1345 1091 1418 1132 15:
1456 1092 1626 1132 omnium
1652 1091 1825 1142 gentium
1851 1093 1970 1143 atque
1999 1091 2125 1132 omnis
2149 1092 2366 1134 memoriae
2395 1090 2473 1133 cla·

179 1174 376 1217 mnium
405 1173 532 1217 lunen
555 1171 809 1222 (Caesarem)
829 1170 1081 1221 exstinguere.
1132 1169 1214 1210 Cat.
1234 1181 1285 1210 m.
1309 1171 1378 1222 11,
1397 1170 1474 1210 35:
1504 1168 1649 1221 quodni
1676 1171 1730 1210 ita
1757 1169 1913 1221 fuisset,
1941 1168 2108 1211 alterum
2134 1162 2229 1212 illud
2257 1159 2472 1214 exstitisset

181 1252 309 1307 lunen
336 1251 509 1294 civitatis
527 1248 673 1301 (Publii
692 1248 862 1290 Africani
888 1247 1005 1300 filius,
1033 1249 1099 1300 qui
1126 1249 1233 1289 tenui
1259 1246 1478 1289 valetudine
1506 1231 1624 1300 eratj.
1671 1246 1744 1289 Off.
1775 1250 1816 1302 3,
1845 1251 1886 1302 6,
1915 1250 1992 1290 σῦς
2020 1247 2098 1301 bic,
2127 1250 2195 1302 qui
2221 1248 2317 1292 illud
2343 1250 2470 1294 lunen

86 1355 89 1359 ›
132 1346 136 1349 Δ
179 1330 396 1384 progenuit.
439 1327 492 1377 Q..
511 1327 629 1381 1ϊ.’2,
658 1329 699 1380 8,
728 1327 774 1368 3:
804 1310 957 1369 illorum
984 1315 1229 1380 praediorum
1256 1327 1355 1368 scito
1383 1325 1478 1368 mibi
1504 1327 1670 1369 vicinum
1697 1327 1857 1371 llarium
1884 1327 2012 1370 lamen
2041 1338 2146 1371 csse.
2188 1327 2262 1371 ilii.
2296 1330 2361 1384 12,
2390 1332 2469 1374 33:

180 1413 310 1463 movet
337 1419 402 1452 me
428 1409 572 1460 quippe
599 1407 728 1447 la-en
757 1396 888 1447 euriae
916 1406 1031 1457 (Sex.
1053 1406 1207 1447 Clodius
1234 1405 1483 1460 intellegitur,
1513 1416 1630 1459 quem
1656 1416 1798 1459 corpus
1818 1407 1860 1447 P.
1880 1406 2003 1449 Clodii
2029 1408 2070 1447 iu
2099 1408 2207 1450 curia
2234 1392 2474 1451 cremaviss'e

182 1498 309 1539 eoque
336 1488 496 1528 incenso
524 1487 672 1527 curiam
700 1482 964 1537 conflagrasse
992 1485 1081 1526 dicit
1110 1485 1300 1525 Asconius
1327 1484 1379 1524 ad
1406 1485 1446 1524 h.
1474 1484 1532 1535 l.).
1587 1485 1698 1527 Prov.
1725 1495 1831 1526 cous.
1861 1488 1902 1539 9,
1937 1486 2016 1526 22:
2052 1486 2155 1527 baec
2181 1487 2327 1529 luni-a
2354 1487 2474 1541 atque

181 1570 408 1609 ornamenta
435 1567 531 1617 reip.
558 1565 601 1605 P.
629 1563 834 1605 Servilium
863 1568 902 1604 et
930 1564 976 1624 ll.
1005 1563 1214 1604 Lucullum.
1270 1563 1366 1604 Suli.
1396 1564 1447 1615 2,
1476 1564 1526 1604 5:
1563 1565 1604 1603 iu
1641 1563 1783 1614 quibus
1809 1564 2009 1604 subselliis
2038 1564 2140 1605 haec
2166 1571 2396 1607 ornamenta
2424 1576 2473 1607 ac

179 1644 326 1688 lamina
351 1644 446 1696 reip.
476 1641 658 1684 viderem.
705 1642 788 1683 Cat.
817 1643 867 1693 3,
900 1643 975 1694 10,
1013 1642 1090 1683 24:
1120 1641 1346 1683 clarissimis
1388 1642 1479 1683 viris
1521 1642 1733 1683 interfectis
1771 1642 1916 1683 laniae
1953 1643 2118 1684 civitatis
2156 1645 2339 1685 enti-eta
2366 1649 2470 1686 sunt.

180 1722 276 1767 Phil.
305 1724 347 1776 2,
374 1723 442 1775 21,
472 1722 549 1763 51;
586 1719 757 1763 ιιοιιᾱιιιιι
784 1723 841 1762 tot
868 1703 1071 1769 iuditibus
1100 1719 1308 1763 exstinctis.
1351 1719 1407 1762 lb.
1440 1721 1506 1772 11,
1537 1721 1586 1773 6,
1619 1721 1693 1763 13:
1732 1719 1800 1762 illa
1828 1724 2044 1763 castrorum
2072 1721 2118 1763 ii.
2149 1721 2290 1764 Antoni
2318 1722 2472 1777 lemine,

182 1802 281 1845 duos
309 1800 494 1852 collegas.
549 1799 604 1842 lb.
633 1800 682 1852 2,
723 1801 798 1852 15,
837 1800 912 1840 37;
946 1798 1043 1861 ¹illos
1081 1800 1438 1851 praestantissimos
1476 1800 1578 1841 vitos
1615 1799 1759 1841 luins
1795 1801 1891 1853 reip.
1929 1800 2071 1842 vivere.
2137 1799 2262 1844 vatin.
2294 1804 2361 1857 11,
2391 1804 2468 1847 26:

179 1882 342 1923 dumus
368 1880 525 1922 lumina.
569 1878 644 1920 llil.
673 1881 720 1931 8,
745 1880 835 1919 -212
865 1877 1007 1928 delegit
1035 1888 1087 1919 ex
1113 1878 1395 1919 florentissimis
1432 1878 1631 1920 ordinibus
1659 1880 1747 1931 ipsa
1774 1866 1930 1920 lumina.
1975 1902 2029 1909 —
2052 1878 2129 1940 ⁸lie
2165 1883 2305 1924 vinute
2342 1889 2381 1925 et
2419 1883 2470 1925 de

176 1961 384 2002 honestate
411 1949 492 2000 Fin.
512 1960 554 2010 5,
575 1959 645 2010 21,
675 1959 752 1999 58:
782 1945 948 1997 Virtutis*
968 1956 1186 2008 beataeque
1213 1958 1315 1998 vitae
1343 1958 1473 1998 serius
1500 1957 1627 1999 lunen
1656 1962 1829 2014 apparet.
1871 1958 1976 2000 Lael.
2006 1960 2076 2012 27,
2098 1959 2205 2002 10οε
2234 1963 2355 2003 virtus
2383 1973 2472 2005 cum

178 2049 225 2081 se
252 2038 386 2081 extulit
414 2040 454 2079 et
479 2036 649 2080 ostendit
675 2046 790 2078 suum
817 2036 959 2078 lamen.
1001 2035 1057 2076 lb.
1087 2038 1127 2088 8,
1156 2036 1211 2077 27
1223 2049 1233 2076 :
1262 2035 1367 2088 quod
1395 2037 1436 2077 in
1466 2047 1513 2078 eo
1541 2038 1654 2089 quasi
1683 2037 1811 2078 lunen
1839 2037 1997 2090 aliquod
2021 2037 2228 2091 probitatis
2255 2045 2295 2081 et
2322 2042 2473 2085 virtutis

176 2119 397 2171 perspicere
424 2115 633 2158 videamur.
682 2114 788 2156 Fam.
822 2115 886 2167 12,
915 2117 957 2168 5,
986 2116 1034 2155 3:
1069 2118 1174 2167 opto,
1202 2117 1245 2156 ut
1271 2114 1321 2156 ab
1350 2116 1436 2156 istis
1464 2116 1624 2157 orientis
1652 2115 1827 2168 partibus
1855 2118 2007 2158 virtutis
2035 2121 2126 2160 tuae
2156 2119 2283 2161 lanea
2311 2120 2471 2162 eluceat.

182 2195 258 2238 off.
280 2198 328 2249 ι,
357 2195 426 2247 29,
459 2196 562 2236 103:
588 2195 628 2235 ιι)
653 2195 743 2246 ipso
768 2195 854 2235 ioco
883 2193 1040 2248 aliquod
1067 2192 1178 2246 probi
1204 2194 1350 2245 iugens
1379 2194 1504 2235 lune·
1533 2194 1694 2236 ειιωιι.
1747 2194 1828 2236 Ριιι.
1858 2197 1900 2247 3,
1929 2176 1970 2248 3,
2004 2197 2078 2238 10:
2108 2196 2316 2239 honestum
2343 2197 2472 2250 ipsum

177 2276 293 2327 quasi
319 2275 469 2331 virtuds
495 2273 619 2314 lanea
649 2271 870 2313 exstinxeris
900 2275 940 2313 et
966 2274 1143 2313 viriutem
1171 2273 1326 2325 penitus
1365 2274 1562 2314 everteris.
1619 2272 1737 2314 Tusc.
1766 2274 1813 2326 2,
1843 2274 1913 2326 24,
1941 2275 2020 2316 58:
2049 2274 2266 2318 honestatis
2292 2278 2328 2318 si
2356 2279 2472 2329 quasi

178 2355 304 2395 lunen
324 2352 480 2404 aliquod
498 2348 734 2404 aspeximus.
781 2351 885 2391 Fam.
916 2353 957 2404 4,
987 2353 1028 2403 3,
1056 2353 1104 2392 2:
1134 2361 1270 2391 omnes
1299 2352 1402 2391 cives
1431 2352 1490 2391 sic
1517 2352 1766 2406 existimant„
1781 2354 1894 2403 quasi
1923 2353 2051 2393 lunen
2080 2352 2236 2405 aliquod
2271 2355 2466 2397 exstlnctis

174 2433 314 2473 ceteris
343 2431 492 2475 elucere
519 2431 764 2472 sanctitatem
782 2433 834 2473 et
861 2428 1105 2482 prudentiam
1131 2433 1250 2471 tuam.
1282 2451 1332 2458 -
1363 2429 1418 2471 Dc
1445 2422 1613 2480 ingenio
1631 2434 1670 2471 et
1697 2434 1841 2482 mente,
1870 2430 1918 2472 de
1947 2431 2097 2473 litteris,
2154 2433 2259 2474 Brut.
2291 2435 2358 2487 15,
2388 2436 2468 2476 59:

178 2515 222 2552 ut.
246 2509 413 2552 bominis
440 2510 653 2561 ingenium,
682 2510 741 2550 sic
767 2510 913 2560 ingenii
940 2510 1062 2562 ipsius
1091 2508 1217 2549 lune·
1247 2511 1310 2549 est
1337 2508 1570 2560 eloquentia.
1617 2507 1699 2550 Cat.
1727 2520 1778 2550 m.
1812 2511 1877 2562 12,
1906 2508 1981 2552 41:
2009 2510 2187 2564 voluptas
2216 2521 2333 2554 omne
2352 2513 2473 2555 animi

176 2571 303 2632 lunen
332 2589 547 2642 exstinguit.
604 2588 719 2628 Tusc.
749 2589 790 2638 3,
818 2589 860 2638 5,
893 2588 967 2628 1⁰:
1005 2589 1122 2628 animi
1156 2587 1414 2629 adfectionem
1441 2587 1584 2628 lamine
1612 2589 1752 2629 mentis
1790 2592 1989 2630 carentem
2015 2592 2312 2632 nominaverunt
2339 2601 2474 2633 amen·

175 2671 281 2713 tiam.
328 2668 423 2719 Rep.
442 2671 484 2719 6,
516 2668 582 2719 12,
615 2668 687 2708 12;
717 2667 781 2708 bic
807 2670 863 2717 tu,
887 2665 1088 2717 Africam,
1116 2666 1302 2707 ostendas
1331 2666 1522 2717 oportebit
1548 2669 1699 2717 patriae
1728 2668 1856 2708 lunen
1889 2669 2024 2721 animi,
2051 2670 2212 2722 ingenii,
2240 2670 2470 2723 consiliique

176 2747 244 2789 tui.
300 2747 404 2805 Brut.
424 2744 501 2798 17,
538 2747 615 2787 66:
654 2744 830 2795 Origines
859 2743 1060 2807 (Catonis)
1099 2754 1216 2796 quem
1253 2744 1388 2787 florem
1426 2748 1493 2786 aut
1528 2745 1633 2798 quod
1667 2746 1806 2788 lunen.
1827 2744 2074 2799 eloquentiae
2101 2759 2182 2791 non
2209 2747 2369 2791 bahent.
2426 2749 2471 2791 ln

110 2851 115 2860 ι
175 2824 274 2879 plur.
301 2834 463 2868 numero
491 2823 538 2874 Q.
563 2824 625 2867 Fr.
655 2825 697 2877 2,
726 2825 767 2877 9,
795 2824 846 2865 3:
891 2822 1023 2875 Lucilii
1058 2825 1239 2876 poemata
1277 2822 1408 2865 multis
1436 2823 1653 2866 luni-ibes.
1669 2809 1839 2878 ingenii,
1868 2825 2013 2868 multae
2042 2827 2160 2869 etiam
2188 2829 2297 2869 artis.
2353 2828 2471 2871 Tusc.

178 2907 216 2956 1,
244 2905 287 2957 3,
313 2906 364 2945 5:
391 2903 636 2956 philosophia
664 2903 810 2944 nullum
837 2902 973 2952 habuit
999 2903 1127 2943 Ιιιιοι
1163 2902 1375 2944 litterarum
1402 2902 1637 2945 Latinuum.
1694 2904 1811 2946 Acad.
1839 2908 1940 2958 post.
1972 2907 2010 2957 1,
2036 2897 2087 2959 3,
2116 2909 2166 2948 ⁹:
2194 2910 2237 2949 tu
2264 2907 2471 2959 plurimum

171 2983 297 3037 poetis
333 2982 500 3035 nostris,
537 2972 771 3043 omninoque
796 2980 943 3025 Latinis
960 2994 961 3000 ¹
981 2983 1021 3044 et
1054 2979 1191 3022 litteris
1221 2979 1376 3023 leni-is
1404 2984 1444 3022 et
1469 2980 1599 3025 verbis
1627 2982 1800 3026 attulisti.
1841 3007 1892 3014 —
1938 2984 1994 3027 De
2021 2984 2226 3028 consulatu
2252 2997 2292 3037 p.
2319 2985 2404 3028 red.
2431 2987 2472 3028 in

171 3072 258 3104 sen.
285 3062 327 3114 4,
356 3063 405 3102 8:
432 3059 512 3102 boc
536 3060 665 3102 lanea
693 3058 917 3102 consulatus
946 3045 1010 3101 sui
1033 3058 1121 3101 'rore
1148 3059 1309 3112 putavit,
1339 3060 1374 3100 si
1402 3069 1465 3100 me
1492 3060 1590 3112 reip.
1617 3060 1865 3104 reddidisset.
1894 3086 1947 3093 -

368 3138 609 3192 Saepissime
638 3138 779 3180 iani-n
806 3138 963 3191 figurae.
984 3137 1074 3179 illae
1102 3136 1304 3191 dimntur,
1344 3136 1484 3190 quibus
1513 3139 1638 3181 oratio
1666 3144 1827 3182 ornatur
1854 3144 1893 3182 et
1918 3140 2145 3184 illustratur.
2203 3141 2246 3184 V.
2273 3142 2362 3185 Ern.
2390 3142 2470 3184 lex.

93 3262 95 3264 k
170 3217 298 3258 toene
327 3229 365 3270 p.
393 3218 476 3258 249
505 3228 566 3269 sq.
625 3218 679 3257 ne
707 3218 770 3257 or.
799 3218 851 3269 3,
889 3202 970 3269 52,
1011 3217 1116 3257 201:
1159 3222 1221 3257 est
1258 3218 1372 3267 quusi
1411 3217 1617 3258 lut-ibn
1657 3219 1931 3269 distinguenda
1961 3223 2000 3261 et
2027 3220 2314 3271 aequemus·
2343 3222 2470 3263 omnis
